1430 2534
233 262 313 304 148

224 349 312 374 num
331 335 548 373 cruciandas
569 363 578 379 ‚
598 348 680 385 qnae
698 343 756 374 est

225 390 376 427 haeresis
393 388 588 426 manifesta
603 415 613 424 .

277 471 322 510 In
340 484 368 508 s.
384 469 566 519 Gregorio
585 468 648 505 Ili-

377 524 552 561 beritano.

169 584 252 622 Col.
272 585 384 621 1271.
400 584 447 629 C,
466 585 504 621 in
518 581 755 630 inscriptione

222 636 372 687 OperiS,
384 638 420 673 δι
437 636 610 684 deinceps
627 635 666 670 in
686 634 757 671 alia

218 690 456 740 inscriptione
481 689 614 726 colum.
646 687 755 724 1273.

221 741 420 781 scribatur
451 752 596 790 semper
610 768 620 785 ,
658 738 755 776 San-

220 796 272 833 cti
316 795 488 845 Gregorij
534 792 756 830 lliberitanae

219 850 290 886 &c-
309 854 392 898 post
413 847 669 898 praefationem
707 857 754 882 ex

220 900 385 938 Honorio
398 929 408 946 ‚
445 901 524 937 ista
569 898 753 946 adiun9e’,

218 953 278 991 lta
302 966 444 1002 quoque
462 951 654 989 interitum
673 949 753 999 Osij

218 1007 346 1043 retulit
358 1019 390 1042 s.
403 1005 566 1043 Isidorus
583 1003 645 1039 lib.
659 1001 705 1039 de
718 1003 755 1039 vi

216 1059 268 1096 ris
286 1059 490 1095 illustribus
504 1086 514 1102 ‚
533 1058 570 1093 &
585 1054 644 1103 alij
660 1068 670 1099 3
691 1067 752 1092 ce·

218 1119 339 1151 terum
366 1109 546 1148 eiusmodi
571 1108 616 1145 de
636 1115 753 1145 morte

219 1164 300 1215 Osij
328 1164 575 1201 narrationem
601 1162 754 1210 accepta

216 1215 236 1254 ὲ
255 1212 381 1267 putido
397 1245 407 1262 ,
427 1215 458 1252 &
476 1226 620 1254 caenoso
637 1212 753 1258 fonte,

217 1282 351 1319 nempe
375 1283 424 1306 ex
449 1269 513 1306 lib.
544 1267 754 1305 Marcellini

214 1323 444 1373 presbyteri,
473 1321 505 1357 &
529 1319 755 1358 schismatici

216 1375 263 1413 ad
279 1374 547 1412 Theodosium:
570 1373 751 1422 potiorem

216 1428 334 1465 multo
345 1440 426 1464 esse
438 1426 509 1464 fide
521 1425 751 1473 S.Athanasij

214 1481 322 1530 epist.
331 1479 378 1517 ad
387 1479 583 1522 solitarios,
595 1478 626 1513 δι
637 1477 751 1513 aliorss

215 1531 333 1570 Patrii
346 1533 407 1581 qui
421 1528 554 1568 docent
565 1529 698 1567 Osium
716 1528 753 1564 fa

217 1586 268 1622 cti
295 1586 534 1635 poenitentem
567 1580 752 1619 Orthodo·

215 1650 306 1674 xum
316 1666 325 1682 ,
347 1636 377 1673 δι
391 1635 583 1687 persancte
597 1633 729 1683 obijsse
741 1660 750 1675 ‚

213 1689 367 1727 erudite
426 1688 645 1727 ostenditur
712 1687 751 1722 z'n

213 1750 433 1789 Annalibus
494 1747 749 1786 Ecclesiasti-

215 1814 270 1851 ce's
306 1818 403 1850 tomo
437 1813 474 1850 3.
509 1811 622 1848 Anno
659 1809 749 1847 357.

212 1874 335 1923 capit.
394 1874 475 1910 25.
541 1874 574 1922 ᾇ·
644 1882 749 1920 seqq.

216 1934 358 1986 quibus
378 1962 387 1979 ,
434 1935 466 1984 ῤ’
514 1931 750 1970 Posseuinus

144 1995 148 1997 “
211 1997 253 2034 in
287 1998 487 2045 apparatu
515 1994 569 2029 ad
597 2004 749 2029 sacram

213 2054 510 2097 Bibliothecam,

575 2054 607 2104 §r
653 2050 749 2100 fere

140 2154 142 2157 ,
210 2127 336 2155 omnes
354 2116 638 2155 assentiuntur.

158 2181 304 2218 Colum.
345 2177 458 2214 1273.
497 2183 577 2226 post
613 2175 742 2212 inscri—

531 259 702 303 Bibliot.
726 261 803 303 SS,
826 259 1012 302 Patrum.

823 335 947 384 ptione
983 333 1119 383 Operis
1155 332 1357 379 ista'adde,

826 386 1022 424 Baronius
1042 392 1139 424 tomo
1156 389 1194 425 4.
1211 385 1355 423 Annal.

826 439 937 476 Anno
973 441 1061 476 388.
1101 440 1219 489 capit.
1257 440 1329 476 100
1344 452 1356 476 .·

826 491 982 528 Dubitat
997 505 1085 528 num
1099 505 1219 529 errore
1234 493 1272 528 in
1287 493 1356 528 hac

824 545 1059 594 inscriptione
1077 545 1235 594 positum
1259 545 1293 582 si
1310 557 1358 581 no

824 609 909 634 men
937 596 1113 635 Placidiae
1135 625 1146 642 ,
1179 596 1210 633 δι
1237 597 1358 645 potius

823 649 1020 687 dicendum
1040 651 1113 694 sit,
1143 649 1186 687 ad
1212 648 1357 688 Gallam

826 702 1054 751 Augustam;
1075 703 1155 740 haec
1169 703 1267 739 enirn
1286 702 1358 740 fuit

824 767 912 791 vxor
955 754 1151 805 Theodosij
1199 754 1327 804 Magni
1347 784 1357 799 ‚

821 819 929 855 quam
948 806 1176 844 Theodosius
1203 807 1275 844 illis
1301 809 1357 844 fer

823 859 881 896 me
894 860 1092 909 teporibus,
1101 859 1232 908 quibus
1245 856 1355 897 sssGre

822 913 945 962 gorius
972 912 1074 950 hunc
1091 913 1356 949 commentarii]

821 965 990 1014 scripsit,
1010 965 1048 1002 in
1065 976 1215 1001 vxorem
1233 963 1354 1002 duxit.

822 1016 930 1055 Galla
955 1024 1078 1055 autem
1106 1017 1257 1055 Placida
1282 1017 1354 1054 hu-

819 1069 877 1106 ius
912 1069 1032 1108 Gallae
1047 1098 1058 1115 ‚
1096 1069 1128 1106 &
1158 1069 1352 1120 Theodosij

821 1121 894 1159 filia
907 1123 1075 1168 tunc,vel
1090 1135 1162 1160 non
1174 1122 1259 1160 dum
1270 1130 1356 1161 nata

818 1182 910 1221 erat,
924 1176 980 1213 vel
993 1177 1149 1213 nimiu-n
1163 1174 1297 1219 infans,
1311 1188 1354 1212 ac

817 1227 958 1265 lactans
969 1237 1047 1266 erat
1058 1256 1068 1266 .
1088 1226 1141 1264 Et
1158 1228 1354 1267 verisimile

819 1287 877 1318 est
895 1281 1149 1331 s.Gregorium
1168 1281 1293 1330 potius
1308 1280 1354 1317 ad

819 1333 966 1371 Gallam
999 1341 1150 1371 matrem
1179 1332 1354 1371 Placidiae

818 1385 1012 1436 Theodosij
1030 1386 1224 1435 coniugem
1238 1386 1355 1435 scrip-

816 1439 923 1484 sisse,
937 1439 1032 1488 quod
1041 1440 1202 1488 ipsemet
1215 1437 1355 1477 Auctor

816 1491 923 1528 initio
950 1492 1073 1529 statim
1094 1490 1229 1541 Operis
1259 1490 1352 1529 affir-

819 1550 895 1580 met
911 1571 920 1588 ,
948 1544 1047 1580 illam
1067 1543 1114 1580 ad
1133 1556 1172 1580 se
1191 1543 1352 1580 scribere

816 1595 1005 1644 dignatam
1020 1608 1066 1633 ex
1083 1607 1237 1644 persona
1253 1596 1351 1633 haere

817 1649 984 1692 ticorum,
999 1648 1094 1696 quod
1115 1649 1152 1685 in
1170 1647 1354 1686 infantuli}

817 1699 1020 1738 Placidiam
1048 1707 1255 1749 competere
1285 1714 1352 1738 ne-

817 1754 919 1801 quit,
951 1753 1084 1791 deinde
1111 1752 1220 1791 Galla
1238 1761 1353 1791 mater

817 1805 980 1843 antidoto
1017 1807 1088 1844 isto
1124 1804 1353 1856 Gregoriano

817 1858 992 1895 aduersus
1006 1858 1257 1896 Arianismum
1276 1858 1354 1896 indi

816 1911 940 1960 gebat,
955 1911 1047 1960 quod
1069 1911 1140 1948 filia
1153 1910 1224 1948 fuit
1241 1910 1352 1948 lusti-

820 1976 880 2001 nae
894 1965 1017 2001 vxoris
1031 1963 1260 2001 Valetiniani
1273 1976 1352 2000 ma-

815 2018 899 2054 ioris
912 2045 921 2060 ‚
942 2016 1104 2054 foeminae
1119 2015 1350 2059 Arianismae,

815 2071 846 2107 ἃ
865 2069 909 2106 ab
927 2069 1053 2106 eadem
1082 2070 1119 2105 in
1140 2067 1350 2107 Arianismo

813 2122 981 2159 educata.
1012 2121 1113 2172 Ipsos
1132 2127 1170 2159 tu
1186 2118 1349 2158 Annales

809 2174 914 2212 adito.

1177 2223 1293 2263 Porri)
