1474 2502
283 231 370 273 480
652 232 722 275 De
743 234 981 277 Subtilitate

230 301 453 340 Praecatatio
471 303 600 353 capitis
624 304 750 343 dolori.
776 305 797 358 β
824 307 936 344 Venti
961 306 1148 345 immodici
1172 320 1239 347 cur
1255 309 1351 347 mala

231 353 476 392 Praecantatio
489 363 528 393 vt
542 357 667 394 vinum
680 370 753 395 non
875 361 1142 409 praenuncient.

282 414 516 455 peruertatur
534 436 543 445 .
826 411 978 456 Vinum,
1002 418 1043 449 vt
1065 425 1139 450 non
1160 419 1349 463 preuerta-

230 454 423 508 Pyrophili
451 460 583 509 lapidis
608 473 657 498 ex
683 463 753 499 hu·
878 471 938 500 tur
955 466 1194 513 precantatio·

282 523 391 548 mano
411 511 591 561 sanguine
609 526 754 565 compo-
826 515 1007 553 Viuentes
1025 529 1074 554 an
1091 518 1245 555 mortuis
1265 515 1394 762 feli·[

281 563 395 600 nendi
412 564 541 601 modus
557 589 566 599 .
879 569 996 606 ciores
1011 593 1021 603 .

231 614 471 664 Religionum
489 616 676 654 contentio
691 647 699 656 .
826 619 1018 668 Vnguium
1062 621 1217 671 vestigia
1263 621 1350 670 quid

230 666 362 704 Sancti
388 667 753 706 Mahumetanomm.
877 672 1090 722 significent
1104 699 1114 709 .

230 718 416 768 sanguini
444 720 648 758 cohibendo
671 734 753 772 pre·
829 724 982 761 Desunt
1000 725 1041 762 in
1059 725 1208 776 aliqua.

283 773 446 809 cantatio
467 800 476 809 .
1099 801 1105 804 -

261 823 414 861 Desunt
433 825 474 862 in
493 825 642 876 aliqua.
768 827 787 872 J
831 825 1007 866 Censura
1031 829 1074 865 in
1096 828 1284 866 actionem
1309 829 1406 867 Car-

231 875 455 926 Serpentum
479 878 693 916 vulneribus
722 891 812 918 cura
882 879 977 917 dam'
1022 886 1156 918 contra
1189 882 1406 919 calumnia-

284 929 513 977 praestigiosa
534 956 543 965 .
884 936 1002 970 torem
1021 933 1189 971 Librora
1209 933 1257 970 de
1281 934 1405 972 subti-

231 980 446 1029 Sigillorum
464 982 531 1019 vis.
883 984 1000 1022 litate
1016 1014 1027 1031 ‚
1045 985 1269 1034 impressam
1286 986 1406 1024 Basi-

231 1032 360 1070 Solum
373 1033 468 1081 quod
483 1034 654 1072 arborum
670 1035 811 1073 radices
884 1036 950 1073 leae
977 1050 1025 1074 ex
1048 1037 1211 1087 Officina
1233 1035 1406 1076 Petrina

282 1085 323 1121 in
346 1086 567 1134 profundum
594 1088 712 1137 mergi
736 1101 810 1126 non
885 1090 998 1126 1560.
1033 1091 1066 1140 ᾇ·
1100 1089 1223 1126 aliam
1264 1091 1405 1139 impres

285 1138 422 1186 patitur
435 1139 604 1176 homines
615 1140 737 1188 gignit
751 1142 808 1178 in·
879 1153 962 1178 sam
1013 1140 1194 1179 similiter
1250 1141 1404 1189 Basileg

284 1188 375 1226 fidos
395 1218 405 1234 ,
444 1190 475 1226 δι
512 1192 762 1230 inconstantes
798 1221 808 1238 ,
879 1195 988 1242 apud
1029 1193 1261 1231 Sebastiam}
1295 1195 1404 1234 Hen-

284 1242 393 1278 deest
411 1243 452 1279 in
472 1243 669 1294 aliquibus
690 1271 700 1280 .
877 1245 953 1282 rici
971 1246 1086 1283 Petri
1107 1246 1219 1282 1582.

232 1292 385 1331 Somnia
395 1307 478 1342 quae
489 1296 585 1341 laeta,
595 1296 808 1343 tristia,tur-

285 1345 470 1395 bulentaq;
487 1347 625 1385 faciant
639 1376 649 1386 .
827 1347 874 1393 B,
898 1348 1047 1386 denotat
1069 1349 1225 1398 priorem
1249 1349 1402 1400 impres—

233 1395 371 1434 Somno
384 1404 501 1436 terror
511 1401 598 1448 quid
610 1401 807 1449 significet.
879 1401 1033 1444 sionem,
1046 1401 1078 1436 δι
1097 1402 1133 1446 b,
1150 1404 1400 1451 posteriorem.

232 1447 385 1486 Sonitus
404 1451 549 1487 aurium
564 1480 574 1495 ,
600 1453 663 1501 qui
681 1452 810 1502 sponte
829 1451 966 1502 inipso
983 1454 1162 1502 principio
1174 1454 1246 1491 del.
1264 1453 1288 1492 ὲ,
1303 1468 1399 1492 vers.

285 1500 327 1537 fit
356 1514 404 1538 an
432 1502 568 1551 aliquid
602 1505 808 1552 portendat,
880 1505 987 1544 recte,
999 1506 1124 1556 quide,
1151 1519 1199 1542 ac
1215 1507 1312 1552 iure,
1329 1506 1399 1553 ὅγε.

285 1553 393 1591 deest
410 1555 450 1591 in
468 1554 668 1606 aliquibus
687 1583 698 1594 .
878 1568 958 1605 usq;
990 1557 1034 1593 ad
1065 1569 1160 1596 uere.
1193 1558 1272 1595 iam
1295 1559 1402 1596 modo

232 1604 360 1642 Sortes
377 1607 416 1643 in
435 1608 580 1656 quibus,
599 1610 636 1646 &
656 1608 679 1645 a
697 1622 781 1659 quo.
868 1607 1082 1658 florebant.

232 1656 363 1695 Statua
375 1671 520 1709 semper
531 1660 731 1710 respiciens
749 1674 809 1699 sa-

284 1710 483 1748 crificium.
827 1711 1404 1762 B‚pag.1290.Num.3.deleatur

232 1761 348 1799 Vates
366 1764 612 1802 admirabiles.
880 1763 904 1801 a
916 1777 1012 1802 uere.
1069 1765 1196 1802 Deum
1213 1778 1292 1805 esse
1308 1780 1401 1805 cau-

232 1813 425 1853 Veneficia
457 1828 541 1864 quae
565 1816 696 1854 docere
722 1817 808 1854 vtile
879 1829 974 1860 sam,
993 1817 1058 1854 &c-
1085 1829 1201 1866 usque
1228 1819 1273 1856 ad
1300 1832 1398 1858 uers.

285 1874 343 1903 est
364 1895 374 1910 ‚
394 1867 425 1902 δι
443 1881 528 1917 quae
546 1881 634 1906 non.
878 1870 945 1906 sed
963 1869 1069 1906 ltomo
1086 1875 1225 1908 acutus
1243 1898 1254 1917 ,
1272 1873 1338 1922 zife.

234 1917 503 1957 veneficiorum
518 1933 654 1970 genera
665 1950 674 1967 ,
695 1921 726 1957 &
743 1934 807 1972 spe

283 1971 360 2007 cies
378 1997 388 2007 .
828 1971 874 2017 B,
887 1973 1022 2022 pagina
1038 1974 1263 2012 1295.Num.
1280 1976 1401 2013 10.νί-

233 2019 506 2059 veneficiorum
524 2025 692 2062 materia.
879 2025 988 2062 detur
1021 2025 1217 2064 delendum
1248 2027 1272 2064 a
1305 2040 1399 2065 vers.

234 2072 433 2124 Veneficijs
451 2087 496 2111 an
514 2077 569 2112 vis
587 2077 692 2115 adsit.
883 2079 1061 2128 quodque
1103 2083 1144 2115 vt
1186 2080 1247 2117 aie
1285 2079 1401 2117 Gale-

235 2124 507 2165 veneficiorum
527 2141 673 2178 genera.
883 2141 968 2175 nus,
1000 2132 1064 2181 ‹fs-c.
1097 2143 1207 2181 vsque
1233 2131 1278 2168 ad
1304 2144 1400 2169 uers.

1239 2196 1351 2233 quam
