1474 2534
563 212 759 271 Prqsace.
1208 211 1271 254 liii

66 300 79 345 (
84 310 120 348 p.
146 298 232 346 116,
249 298 308 337 ed.
330 298 497 347 Tvrret.)
521 297 721 337 declares:
754 300 780 320 “
802 297 903 337 Haec
919 296 1166 335 Bibliotheca
1184 311 1271 349 per-

64 350 184 409 missa
202 356 273 398 est,
292 355 445 410 vtquae
463 363 512 409 egr
529 351 762 440 firaescripto
779 349 1057 413 Eifpurgatorij
1088 362 1158 408 per
1187 363 1270 388 ma-

63 408 232 452 glstrum
250 415 350 441 sacri
368 402 506 451 Palam
568 415 670 441 omae
688 403 852 453 vulgatu,
874 407 1055 441 accurate
1070 402 1176 492 1210ιέἐᾶ
1185 415 1270 470 c’or-

67 559 301 598 Expurgatorij,
331 561 427 599 opera
457 561 484 589 δι
516 560 620 589 studio
651 560 690 589 R.
716 559 750 589 P.
782 558 912 588 Ioannis
944 558 1055 587 Mariae
1087 557 1271 587 Brasichell.

65 602 151 631 Sacri
175 602 286 642 Palatij
312 602 453 642 Apostol.
480 602 624 640 Magistri
649 603 760 632 Romae
787 602 870 631 Ann.
890 601 983 630 1608.
1007 600 1137 639 vulgati,
1161 610 1270 632 emen-

64 645 180 674 datam.
228 646 363 675 Alardus
379 646 531 684 Wyelius,
549 646 601 675 the
617 645 704 675 chief
720 654 883 684 composer
903 644 938 673 of
949 644 1011 673 this
1034 643 1132 680 work,
1149 653 1221 682 says
1237 644 1270 673 in

63 687 112 717 his
129 688 272 718 Presace:
298 689 346 718 Ea
361 691 434 718 vero
450 689 512 718 fide
528 689 561 718 in
577 688 620 718 eis
636 687 750 718 versati
767 697 875 717 sumus
892 692 925 716 vt
947 687 1020 716 licet
1047 686 1266 723 correctiones,

64 731 320 770 coniecturasque
335 732 497 762 doctorum
514 732 652 761 virorum
670 731 823 770 plurimas
846 730 1062 766 habuerimus,
1079 730 1142 759 imo
1155 731 1186 761 ,8ῑ
1204 730 1271 759 Βο-

63 783 190 816 manam
207 783 370 804 censuram
389 774 657 805 Reuerendissimi
681 774 807 804 Ioannis
826 773 936 804 Mariae
953 773 1176 803 Brasichellen.
1193 773 1272 802 sacri

65 817 131 846 Pal.
159 818 267 856 Apost.
293 817 419 856 Magist.
446 818 544 848 secuti
575 818 684 854 simus,
714 817 856 847 adhibito
885 817 980 846 etiam
1014 816 1123 846 Indice
1152 816 1272 846 maiore

67 860 202 899 Hispan.
228 861 387 891 illustriss,
412 862 440 892 &
468 861 690 892 Reuerendiss.
714 861 754 890 D.
771 860 865 890 Bern.
881 860 920 890 de
936 859 1103 889 Sandoual.
1129 860 1158 888 S.
1175 860 1215 890 R.
1235 859 1273 889 E.

67 903 160 934 Card.
188 904 336 942 Archiep.
362 904 462 939 Tolet.
480 904 660 943 Hispaniar.
693 903 840 934 Primatis
858 904 913 933 ὅτε.
929 912 1003 932 ann.
1024 903 1117 933 1612.
1141 902 1274 932 Madriti

65 946 168 976 edito:
193 947 271 976 nihil
287 952 393 976 tamen
409 947 442 976 in
457 947 525 986 ipso
541 951 700 983 contextu,
717 947 745 976 &
760 946 894 985 propriis
918 950 1081 976 auctorum
1098 946 1199 975 verbis
1216 947 1273 975 ad-

63 989 166 1019 ditum
182 990 222 1019 sit
237 990 285 1019 vel
301 990 483 1029 demptum:
509 990 645 1029 (excipio
661 989 898 1028 typothetarum
914 988 1050 1027 errores)
1074 989 1129 1018 sed
1157 994 1271 1018 caetera

64 1037 187 1062 tantum
212 1033 246 1062 in
271 1033 412 1071 margine
438 1034 587 1063 collocata
600 1044 607 1068 ;
619 1042 670 1062 ,ηε
695 1033 865 1062 Catholicae
891 1032 1052 1070 religionis
1075 1032 1274 1071 adumsarijs,

63 1076 204 1115 alioquin
221 1076 295 1105 satis
310 1077 522 1115 cauillatorijs,
532 1076 730 1105 occasionem
755 1076 877 1105 dedisse
900 1075 1090 1111 videremur,
1107 1075 1197 1114 quasi
1214 1085 1272 1104 au-

64 1119 171 1148 thores
186 1119 308 1158 antiqui
324 1129 379 1159 per
395 1129 451 1148 nos
467 1118 630 1158 deprauati
648 1118 775 1154 fuerint,
792 1122 848 1148 aut
862 1118 903 1148 ad
919 1123 1060 1148 nostram
1083 1118 1272 1158 religionem,

64 1161 186 1191 vitiati:
210 1163 267 1192 but
290 1162 363 1199 this,
387 1172 421 1192 as
445 1163 515 1192 well
538 1172 571 1192 as
594 1166 676 1191 most
702 1161 792 1191 other
818 1161 1001 1200 pontifician
1032 1170 1215 1191 assurances
1239 1161 1277 1191 of

62 1205 199 1244 honesty
225 1205 257 1234 in
283 1205 360 1235 such
387 1214 482 1241 cases,
506 1210 591 1235 must
607 1207 645 1234 be
668 1205 812 1235 received
828 1214 898 1234 cum
915 1213 1016 1242 grano
1032 1204 1124 1239 salis3
1148 1204 1195 1234 for
1210 1205 1271 1234 five

65 1248 167 1278 words
183 1248 215 1277 in
234 1248 355 1284 Mento,
372 1247 468 1286 (Vide
483 1249 554 1278 Jnd.
575 1249 672 1284 Bras.,
696 1258 727 1287 p.
744 1246 833 1287 217.)
863 1247 966 1277 which
988 1257 1070 1277 were
1095 1247 1128 1276 in
1146 1248 1200 1277 the
1221 1258 1272 1277 se-

65 1291 146 1320 cond
171 1291 291 1321 edition
305 1291 342 1322 of
352 1292 441 1321 Dela
453 1291 565 1329 Bigne,
590 1301 643 1320 are
670 1291 746 1321 here
768 1291 825 1320 left
838 1295 903 1326 out,
929 1291 1018 1320 Tom.
1036 1291 1079 1320 11.
1100 1300 1131 1329 p.
1152 1292 1222 1328 126,
1238 1301 1273 1321 as

64 1334 140 1372 they
154 1334 218 1365 had
229 1336 309 1364 been
322 1334 355 1364 in
365 1334 419 1364 the
431 1334 516 1364 third
528 1334 712 1373 impression
724 1334 754 1369 ;*
766 1334 830 1363 and
841 1333 922 1364 after
933 1334 1083 1372 perusing
1096 1334 1157 1363 this
1167 1335 1272 1364 decla-

62 1377 164 1407 ration
177 1377 213 1407 of
224 1378 540 1417 Wyelius,-—quanta
556 1377 716 1416 potuimus
732 1377 898 1415 diligentia
915 1377 944 1406 δι
967 1377 1135 1407 sedulitate
1157 1377 1189 1406 in
1214 1377 1274 1407 hoc

64 1420 240 1450 laboratum
255 1425 312 1456 est,
329 1425 362 1450 vt
384 1420 556 1459 primorum
575 1420 654 1450 XII.
679 1420 870 1450 Saeculorum
895 1420 1014 1457 Patres,
1038 1420 1273 1459 Scriptoresque

64 1462 202 1493 minores
218 1471 264 1493 Au
280 1471 379 1492 vrum
395 1471 512 1492 OMNES
528 1463 676 1500 consequi
691 1472 863 1501 possemus,
880 1472 920 1492 an
934 1463 1150 1502 unsuspicious
1163 1465 1274 1493 reader

66 1506 170 1536 would
185 1511 241 1536 not
255 1511 367 1545 expect
381 1510 412 1535 to
428 1506 494 1535 find
511 1506 667 1536 Antonius
686 1506 823 1542 Melissa,
840 1506 946 1535 whose
967 1510 1034 1535 text
1058 1506 1272 1536 Rrasichellen

66 1549 128 1578 had
143 1549 311 1588 corrupted
326 1549 359 1578 in
375 1550 471 1579 about
487 1549 587 1587 thirty
602 1550 716 1588 places,
731 1549 908 1587 altogether
930 1549 1105 1585 discarded,
1121 1559 1155 1579 as
1169 1549 1202 1579 in
1220 1550 1273 1580 the

65 1591 184 1622 edition
199 1591 236 1622 of
250 1592 532 1631 1610.—Despont
549 1590 715 1631 (Lectori,)
739 1592 853 1631 speaks
868 1592 942 1621 thus
962 1592 998 1622 of
1008 1592 1061 1622 the
1085 1592 1172 1621 Max.
1191 1593 1273 1623 Bibl.

64 1634 151 1665 Pata
175 1635 208 1664 in
223 1635 325 1665 fronte
341 1635 507 1673 cujuslibet
529 1634 691 1671 Authoris,
714 1636 742 1664 δε
767 1644 997 1673 nonnunquam
1014 1634 1109 1664 etiam
1131 1635 1164 1664 in
1190 1645 1273 1665 mar-

63 1677 148 1715 gine,
164 1678 396 1708 observationes
411 1678 498 1707 velut
512 1677 611 1707 facem
628 1678 787 1717 quandam
810 1677 948 1714 adhibet,
965 1687 1080 1716 easque
1097 1683 1165 1707 tum
1180 1688 1218 1708 ex
1235 1679 1274 1708 iis

65 1721 118 1758 qui
133 1721 172 1751 de
189 1720 398 1760 scriptoribus
415 1720 641 1751 Ecclesiasticis
668 1721 872 1760 scripserunt,
884 1726 954 1750 tum
979 1721 1118 1750 maxime
1141 1722 1274 1751 Joannis

65 1763 174 1793 Mariae
201 1763 456 1793 Brasichellensis
484 1763 629 1802 Magistri
658 1764 739 1794 sacri
767 1764 878 1803 Palatij
906 1763 1014 1794 Indice
1041 1764 1275 1803 Expurgatorio

63 1807 273 1846 depromptas.

95 1873 113 1890 ³*
125 1873 138 1898 1
151 1873 258 1903 subjoin
267 1880 303 1898 an
313 1874 422 1898 extract
431 1873 503 1898 from
511 1873 603 1902 Nilus,
610 1872 701 1898 which
712 1873 735 1897 is
746 1873 775 1897 in
785 1872 819 1897 B.
825 1872 860 1897 P.
871 1871 915 1897 ed.
925 1875 995 1896 1589.
1006 1871 1039 1896 T.
1050 1872 1092 1896 11.
1104 1872 1275 1904 colhem-4„

61 1905 112 1930 but
123 1906 151 1929 in
163 1911 215 1929 con
284 1911 352 1929 enee
362 1905 394 1929 of
400 1904 613 1930 Brasichellen's
623 1905 715 1933 order,
727 1904 814 1935 (Ind.‚
826 1911 853 1935 p.
862 1904 916 1934 96.)
935 1907 985 1928 not
993 1904 1021 1928 in
1036 1903 1085 1929 the
1094 1904 1212 1930 editions
1225 1905 1276 1930 Pa.

65 1937 113 1960 ris.
122 1937 194 1961 1610.
207 1935 240 1960 T.
274 1936 297 1961 1.
309 1936 361 1961 col.
371 1937 436 1966 48613
451 1936 547 1961 colon.
562 1936 632 1961 1618.
639 1935 672 1961 T.
686 1935 738 1960 IV.
751 1943 777 1967 p.
791 1936 858 1965 800;
871 1942 902 1960 or
911 1935 1079 1966 ngd.1677.
1090 1935 1124 1959 T.
1135 1935 1170 1960 V.
1178 1943 1203 1967 p.
1215 1938 1274 1962 94¹2.

67 1969 85 1982 ¹⁸
98 1967 160 1992 Vita
179 1967 390 1997 monachorum,
407 1974 468 1998 quae
478 1968 545 1992 olim
556 1967 743 1992 desiderabilis
754 1969 777 1991 &
793 1967 871 1991 valde
887 1966 1040 1991 honorifica
1050 1967 1114 1997 fuit,
1127 1973 1202 1992 nunc
1213 1970 1276 1993 abo-

66 1999 214 2028 minabilis,
233 2002 263 2023 vt
279 1999 355 2023 vides
370 1999 443 2023 facta
459 2001 509 2024 est.
546 1998 733 2029 Quamobrem
751 2002 905 2028 grauantur
927 2005 1023 2022 omncs
1042 1999 1122 2023 vrbes
1138 1999 1161 2023 δι
1179 2001 1240 2030 pagi
1260 2008 1277 2025 a

67 2031 143 2068 falsis
154 2029 296 2066 monachis
307 2030 588 2067 circumcursantibus
599 2030 623 2054 &
637 2030 798 2061 vagantibus
810 2033 914 2054 temere
928 2030 950 2053 81
970 2030 1042 2054 forte
1052 2029 1165 2054 fortuna
1176 2038 1278 2067 magna

68 2061 698 2121 :staatsc3:¹2'3ezzncianzzzzz¹‚¹sssszz;„
710 2060 891 2128 33323313222.
897 2064 992 2128 2352}
1003 2061 1278 2123 am

67 2125 118 2149 bus
134 2124 190 2148 suis
205 2123 362 2148 assistentes
377 2131 458 2155 quam
475 2125 602 2155 quemuis
613 2130 649 2148 ex
666 2124 811 2148 mendicis.
847 2123 926 2147 Vnde
938 2127 1020 2148 etiam
1035 2127 1109 2148 recte
1120 2126 1277 2149 vnuentium

66 2156 89 2180 ἆ
102 2155 252 2180 secundum
265 2155 397 2180 virtutem
409 2155 555 2184 iudicium,
571 2156 594 2180 δι
607 2162 694 2179 sanna
705 2155 727 2180 ἃ
740 2155 866 2185 deceptio
879 2161 943 2181 vere
954 2155 1114 2182 aestiinatur.
1148 2156 1199 2180 Sed
1212 2157 1278 2186 quid

68 2186 376 2249 ffigprffipxgcliegeeaeigs
390 2187 464 2212 orior
480 2187 584 2212 deflens
601 2187 686 2218 digne
702 2187 725 2212 ἃ
744 2193 779 2211 ex
798 2189 891 2212 mente
904 2189 999 2212 nostra
1009 2188 1155 2218 tempora?
1189 2187 1279 2214 Pudet
