1474 2534
259 245 315 286 40
511 243 636 286 Bibl.
661 243 830 287 Robe-rtz‘
850 245 1063 302 Stephani.

202 315 462 364 Sexta,gratia
475 316 784 365 acceptaestiusti
855 318 950 367 apud
980 317 1184 368 Gasparem
1202 317 1381 356 Portona-

212 393 217 397 -
256 369 307 404 tia
325 368 523 412 inhaerens,
538 370 660 416 &quae
674 368 784 405 faciet
851 383 946 415 rum,
970 370 1039 407 hoc
1070 369 1212 415 Titulo,
1245 370 1381 408 Biblia

251 421 343 456 filios
362 419 450 457 Dei.
814 446 817 449 ,
832 428 836 432 ⁴
851 421 974 459 Sacra
986 435 1069 459 cum
1085 422 1234 473 duplici
1254 428 1382 460 trans-

202 471 382 522 Sepfima,
400 472 520 509 omnis
539 477 660 508 motus
691 486 779 510 con·
851 473 1010 519 latione,
1022 476 1054 526 ᾇ*
1072 474 1221 525 δοοῖᾕε,
1237 475 1385 513 Franci

208 552 212 556 .
252 525 481 573 cupiscentia
494 531 551 559 est
573 533 779 573 peccatum,
852 527 908 563 sci
937 527 1108 573 Vatabli,
1139 539 1239 564 nunc
1258 529 1381 565 denuo

206 591 209 595 ¹
251 579 335 625 quia
348 586 470 626 posset
484 578 604 619 homo,
620 577 642 612 fi
658 579 781 622 vellet,
814 600 816 603 >
852 577 878 613 ὰ
884 579 1079 628 pluribus,
1093 580 1196 631 quib.
1210 579 1383 617 scatebat

209 644 213 652 ·
249 630 469 678 extinguere
516 630 781 678 concupiscen-
852 631 1057 678 erroribus,
1073 632 1384 670 etc.Curauimus

207 697 215 715 ι.
249 683 350 719 tiam.
852 688 976 720 tamen
991 692 1189 722 annectere
1200 686 1261 722 hic
1268 697 1383 722 censu

208 741 261 787 ·B
288 741 311 787 I
336 739 376 787 B
403 739 446 786 L
471 739 494 786 I
519 738 561 785 A
622 741 666 786 R
694 740 758 787 Ο,
852 747 930 771 ram
949 737 1042 780 eim,
1055 736 1099 773 ad
1111 738 1343 775 commodum
1358 738 1383 774 il

292 804 414 852 berti
445 804 679 868 Stephani·
851 788 982 832 ’Ἥ
1003 801 1134 879 '33:113
1153 802 1382 882 azam

301 884 515 921 Christiane
531 883 672 920 Lector.
852 893 966 941 phani
983 893 1093 932 dicta

196 938 424 975 Obseruauit
442 936 719 980 Genebrmdus,
744 938 780 972 Sc

208 1019 210 1021 .
247 992 286 1026 in
305 989 618 1037 Chmnograpffia,
654 990 780 1038 &sup
845 982 921 1029 EX
962 983 1126 1046 Biblljs
1154 984 1349 1032 Robel'tl

249 1042 466 1102 Qrigenem,
501 1040 597 1088 quod
633 1053 677 1077 ea
701 1053 780 1077 ver·
983 1057 1061 1104 δῖε
1095 1056 1218 1103 bani

247 1096 316 1138 sio,
336 1107 402 1130 seu
428 1093 679 1142 Paraphrasis‚
698 1106 782 1141 quoe
810 1118 816 1123 ·
1063 1074 1093 1121 p

244 1146 493 1184 circunfertur
511 1145 580 1182 sub
594 1145 781 1182 Francisci
798 1145 895 1184 Cum
919 1146 1054 1195 duplici
1081 1146 1216 1190 Textu,
1245 1147 1282 1183 &
1315 1159 1380 1184 an-

247 1199 397 1236 Vatabli
415 1198 577 1241 nomine,
590 1206 654 1234 aut
666 1197 780 1235 Vata-
851 1199 1099 1235 notationibus
1119 1198 1275 1237 Vatabli.

247 1253 298 1288 bli
334 1264 408 1288 non
440 1256 511 1293 est,
532 1250 600 1286 viri
619 1251 778 1298 alioquin

246 1304 464 1352 doctissimi,
477 1305 513 1338 &
529 1301 613 1339 vere
627 1303 781 1339 catholi-

201 1399 206 1404 ,
242 1358 290 1393 ci:
309 1356 373 1392 sed
393 1354 621 1404 quorundam
649 1367 781 1403 prauo-

247 1421 328 1445 rum
341 1408 603 1457 discipulorum
616 1408 709 1451 eius,
719 1408 780 1454 qui

245 1473 327 1497 eam
347 1459 370 1496 Ξι
400 1459 562 1496 Roberto
593 1458 782 1508 Stephano

245 1512 454 1561 Religionis
487 1510 691 1548 Catholicae
717 1510 781 1547 de-

247 1573 387 1601 sertore
413 1564 570 1613 imprimi
599 1562 781 1608 fecerunt,

247 1618 304 1655 vel
324 1623 483 1653 testante
500 1615 692 1652 Theodoro
707 1614 781 1653 Be-

247 1683 290 1707 za
308 1670 348 1706 in
368 1668 553 1713 iconibus,
586 1667 658 1705 Leo
677 1667 781 1704 Iudae

250 1722 421 1759 Eluetius
456 1721 622 1758 eiusdem
652 1728 781 1757 auctor
798 1717 900 1755 Inter
943 1717 1122 1766 Prologus
1158 1716 1380 1764 Bibliorum,

249 1776 335 1818 fuit,
373 1774 429 1810 vel
461 1772 559 1810 certe
589 1773 612 1809 fi
633 1771 780 1809 Vatabli
847 1771 909 1819 qui
928 1771 1034 1807 initio
1052 1769 1381 1819 praefiguntur-,de-

248 1835 307 1864 est
325 1826 537 1863 Caluiniani
558 1826 723 1862 haeretici
742 1837 782 1862 er
848 1823 965 1860 leatur
983 1832 1242 1872 argumentum
1261 1823 1300 1859 in
1317 1822 1382 1860 lib.

246 1891 350 1916 rores
368 1879 524 1927 plerosq3
559 1878 777 1915 inseruerat.
852 1875 929 1918 Iob,
949 1876 1100 1924 fisertim
1114 1875 1158 1911 ab
1173 1876 1246 1912 illis
1262 1875 1383 1913 verbis

249 1931 484 1979 Quapropter
503 1930 548 1966 ab
566 1931 646 1966 eius
672 1930 783 1967 lectio
831 1950 834 1954 ·
849 1927 897 1964 In
913 1927 980 1965 hoc
994 1939 1080 1965 vero
1095 1927 1194 1965 libro
1208 1927 1286 1965 kaec
1296 1939 1382 1979 quae

247 1997 295 2022 ne
315 1982 547 2020 abstinedum
564 1981 781 2027 iudicamus,
850 1981 927 2018 stio
944 1985 1155 2023 tractatur,
1171 1993 1222 2017 an
1236 1993 1282 2017 ne
1301 1980 1381 2016 etic‘i

198 2068 201 2071 .
247 2039 283 2073 &
302 2035 496 2072 sumedum
511 2046 591 2071 esse
604 2034 782 2079 codicem,
843 2031 980 2082 probis
1032 2034 1054 2070 ὰ
1098 2033 1183 2071 Deo
1235 2031 1381 2070 malum

247 2089 310 2136 qui
346 2100 444 2125 anno
480 2087 634 2124 Domini
669 2088 783 2124 1584.
849 2085 1007 2123 accidat
1023 2113 1034 2132 ,
1080 2087 1145 2137 ᾁτ.
1186 2097 1300 2136 vsque
1335 2083 1380 2122 ad

248 2141 484 2179 Salmanticae
502 2140 701 2189 impressus
714 2139 785 2177 fuit
850 2137 976 2176 finem.
1294 2188 1327 2227 Ε

799 1279 892 1318 Post
910 1281 1112 1318 Bibliorum
1133 1282 1280 1319 titulum
1300 1295 1381 1320 ver-

849 1346 890 1370 sa
929 1335 1078 1383 pagina,
1113 1341 1189 1371 tota
1214 1335 1384 1372 deleatur

850 1385 910 1422 fol.
923 1385 946 1423 ὲ
958 1387 1136 1436 principio
1150 1389 1188 1424 4.
1204 1394 1302 1424 totus
1318 1387 1381 1424 In·

850 1438 922 1475 dex
933 1439 1112 1483 deleatur,
1116 1441 1176 1476 cui
1191 1440 1318 1476 titulus
1325 1447 1383 1478 est

850 1489 972 1527 Index
991 1491 1107 1536 alter,
1127 1492 1167 1527 in
1185 1504 1260 1542 quo
1285 1492 1384 1528 itia&

848 1543 938 1579 noui
956 1544 1208 1580 instrumenti
1229 1544 1380 1581 testimo

847 1595 915 1632 nia
961 1607 1007 1632 ex
1043 1597 1166 1633 veteri
1199 1601 1381 1647 excerpta

847 1647 1131 1685 annotauimus.
