1474 2534
1223 115 1323 182 42}

79 243 185 303 ante
210 263 305 294 non
339 244 438 293 sine
474 243 710 292 stomacho
734 244 886 292 facere
921 244 1068 292 coacti
1103 242 1287 305 sumus)

80 313 296 367 auferre,
331 312 368 359 si
403 311 542 359 modo
578 309 634 374 ijs
670 310 801 358 iuxta
840 309 1073 359 Censuras
1107 318 1287 357 nostras

83 377 339 426 emendatis
362 413 376 432 ,
413 395 552 442 quam
583 376 854 425 incorrectis
878 411 891 431 ,
927 385 979 424 vt
1012 377 1150 424 antea
1184 393 1288 440 per-

82 444 297 493 tinaciter
320 444 387 491 vti
410 443 693 491 maluerint.
758 443 807 492 Si
832 452 988 491 autem
1014 442 1214 506 (quod
1202 459 1286 489 im-

81 511 344 559 becillitatis
389 510 606 557 humanae
650 526 880 558 memores
919 508 1111 557 euenire
1155 526 1287 573 posse

78 577 271 626 minime
317 575 609 639 dubitamus)
656 576 823 640 aliquae
868 593 1031 624 erroru
1069 574 1284 639 reliquie,

79 661 182 708 quae
219 643 512 707 diligentiam
546 650 748 690 nostram
786 642 1043 719 effug-erint
1066 677 1079 696 ,
1120 659 1170 688 ln
1202 641 1286 688 hu-

79 710 278 758 iusmodi
311 709 440 757 libris
478 708 816 764 remanserint,
858 709 941 773 pij,
981 712 1018 758 &
1054 707 1284 757 Catholici

79 776 262 824 lectoris
287 776 498 823 officium
515 774 628 829 erit,
665 792 743 823 eas
762 810 775 830 ,
811 784 952 840 prout
974 792 1160 822 necesse
1187 775 1286 822 fue-

78 843 141 890 rit
157 878 169 897 ‚
204 859 427 890 resecare.
485 843 644 899 Quem
670 843 918 906 propterea
942 850 993 889 vt
1016 842 1074 888 ad
1098 842 1286 889 eosdem

80 908 221 956 libros
253 909 476 973 legendos
510 925 606 955 non
640 908 889 956 oscitanter
916 927 926 955 :
963 908 1042 956 scd
1068 908 1219 964 caute,
1247 910 1284 955 &

79 975 337 1039 prudenter
377 975 565 1022 accedat
589 1009 601 1028 ,
648 975 952 1022 admonemus
978 1011 988 1021 .
1064 975 1286 1038 Superest

80 1058 222 1096 nunc,
259 1050 308 1088 vt
331 1043 368 1089 δι
394 1041 520 1105 quod
552 1041 689 1087 datur
711 1040 846 1087 hilari
871 1041 1026 1088 fronte
1048 1040 1284 1104 suscipias,

81 1110 117 1156 δε
153 1125 238 1155 nos
272 1106 360 1171 pijs
395 1107 520 1171 apud
556 1106 719 1155 Deum
754 1106 1006 1170 precibus
994 1123 1157 1154 muare
1189 1123 1284 1154 non

78 1173 307 1238 graueris
313 1209 325 1228 ,
379 1174 473 1237 quo
514 1171 694 1220 facilius
736 1173 1008 1221 Secundum
1053 1173 1285 1220 Censura-

77 1257 182 1288 rum
211 1240 435 1294 Tomum,
471 1256 612 1303 quem
651 1239 741 1285 iam
775 1257 871 1304 prae
905 1240 1119 1286 manibus
1143 1238 1283 1287 habe-

78 1323 183 1354 mus
229 1306 446 1354 celeriter
485 1305 700 1354 emittere
741 1306 990 1354 valeamus.
1064 1304 1201 1353 Vale.

78 1373 262 1420 Datum
312 1373 475 1422 Romae
523 1389 583 1421 ex
620 1370 796 1420 Palatio
842 1370 1118 1437 Apostolico
1161 1389 1283 1420 anno

77 1438 235 1488 salutis
264 1438 403 1493 1607.
