1474 2534
214 220 279 269 cri
315 220 487 268 Indicis
513 221 712 268 Romani
736 221 984 285 expurgari
1019 229 1228 288 queunt,
1248 221 1391 288 *casti-b

211 301 461 356 garentm,
497 294 654 358 talesq3
688 294 1042 342 restituerentur
1073 292 1311 348 studiosis,
1335 286 1391 345 ‘vj't

211 367 316 414 tuto
333 401 347 421 ,
371 371 408 417 δι
433 367 654 415 inoffense
677 369 734 414 ab
758 367 822 415 cis
840 367 1022 415 tractari
1044 375 1242 432 possent,

213 438 401 486 Horum
425 448 578 487 autem
602 457 707 487 cum
732 440 896 503 ingens
919 449 1037 488 esset
1057 456 1292 493 numerus,
1316 456 1391 486 eos

211 529 336 559 nunc
371 513 536 560 nostris
574 513 793 560 Censuris
818 513 1047 577 complexi
1068 530 1240 568 sumus,
1278 528 1391 575 quos

213 585 447 632 emendari
496 586 701 633 vtilitatis
746 586 940 650 publicae
984 585 1129 649 magis
1174 585 1391 632 interesse

212 657 588 713 existimauimus,
624 676 784 722 quosq;
819 659 903 706 sibi
943 659 968 706 ὲ
1007 658 1216 705 manibus
1261 666 1392 705 extor

213 730 346 793 queri
401 732 589 795 grauius
646 732 766 779 ferre
819 731 1026 779 homines
1071 730 1391 778 animaduerti-

212 820 315 850 mus
339 838 352 857 ,
388 805 425 851 δε
462 822 658 867 quorum
683 839 696 859 ,
739 813 788 851 vt
822 804 1169 867 permitteretur
1203 803 1392 850 facultas

210 877 331 940 pene
355 877 561 939 quotidie
590 879 616 923 a
646 877 777 925 nobis
800 877 1152 940 efflagitabatur.
1222 875 1392 939 Neque

211 950 322 996 vero
347 983 359 1002 ‚
406 950 486 1012 qui
521 959 627 997 ante
661 966 744 996 nos
777 949 974 1002 muneri,
1010 966 1101 1011 quo
1136 948 1391 1011 fungimur,

213 1022 504 1085 praefuerunt
530 1057 544 1076 ,
591 1040 646 1070 eo
680 1022 805 1086 quod
846 1022 1111 1070 huiusmodi
1151 1021 1391 1084 negotium

210 1111 311 1142 non
357 1095 674 1150 confecerint,
710 1095 893 1142 desidiae
917 1129 930 1148 ,
987 1103 1066 1141 aut
1099 1093 1396 1158 negligentiae

212 1175 321 1214 sunt
345 1168 622 1223 accusandi3
668 1169 760 1215 imo
794 1182 962 1230 magna
994 1167 1049 1229 ijs
1080 1175 1150 1214 est
1188 1167 1396 1214 habenda

211 1240 361 1304 gratia
384 1275 397 1295 ,
434 1241 559 1304 quod
592 1241 822 1290 laboribus
845 1274 858 1294 ,
895 1256 1008 1303 quos
1031 1239 1078 1286 in
1101 1239 1185 1287 hac
1219 1254 1268 1288 re
1302 1256 1396 1288 non

183 1314 575 1372 contemnendos
621 1313 911 1376 reliquerunt
933 1347 946 1366 ,
997 1313 1095 1359 tum
1151 1313 1359 1378 proprios
1382 1348 1396 1368 ,

211 1387 311 1432 tum
347 1387 404 1432 ab
442 1385 834 1434 Vniuersitatibus
857 1420 870 1439 ‚
907 1387 942 1433 &
978 1385 1076 1447 alijs
1110 1385 1218 1433 viris
1250 1385 1396 1434 doctis

214 1458 447 1506 confectos
471 1493 483 1512 ‚
519 1458 721 1506 laborem
744 1467 949 1506 nostrum
975 1458 1197 1506 leuiorem
1232 1458 1394 1515 multo,

211 1531 511 1595 facilioremq3
547 1531 886 1579 reddiderunt.
937 1532 1054 1594 Itaq;
1089 1531 1289 1594 ipsorum
1327 1533 1393 1579 in-

211 1603 397 1652 dustriae
432 1605 557 1668 quod
590 1604 878 1659 inchoarunt,
909 1605 1035 1667 quod
1069 1605 1177 1651 vero
1212 1604 1393 1652 inchoa-

207 1686 254 1725 ta
287 1685 348 1725 no
382 1678 692 1742 perfecerunt,
719 1677 936 1741 temporis
959 1686 1042 1731 est,
1068 1677 1141 1724 vel
1163 1678 1391 1740 angustie,

206 1751 283 1798 vel
317 1751 652 1815 importunitati
688 1750 969 1798 tribuedum.
1035 1749 1267 1798 Caeterum
1305 1750 1392 1798 hoc

207 1824 362 1871 labore
399 1831 608 1888 suscepto
632 1858 645 1878 ,
694 1825 730 1871 &
768 1822 859 1870 tuis
895 1822 989 1886 (ni
1013 1821 1193 1885 fallor)
1228 1823 1391 1886 studijs

206 1897 226 1960 (
253 1896 396 1943 amice
431 1895 621 1959 lector)
671 1899 712 1944 &
755 1904 919 1944 nostrae
953 1895 1097 1959 quieti
1131 1913 1299 1959 magna
1332 1914 1389 1944 ex

203 1978 334 2033 parte
357 1969 669 2017 consuluimus
690 2006 700 2017 .
774 1969 914 2017 Certe
949 1985 1043 2015 non
1078 1968 1167 2016 erit
1200 1969 1388 2034 posthac

204 2060 317 2107 opus
341 2078 353 2098 ‚
402 2042 662 2091 huiusmodi
702 2042 838 2092 libros
861 2042 1134 2091 habentibus
1158 2078 1171 2099 ,
1220 2044 1239 2107 (
1263 2043 1388 2106 quod

1279 2115 1383 2163 ante
