<?xml version="1.0" encoding="UTF-8"?>
<!DOCTYPE html PUBLIC "-//W3C//DTD XHTML 1.0 Transitional//EN"
    "http://www.w3.org/TR/xhtml1/DTD/xhtml1-transitional.dtd">
<html xmlns="http://www.w3.org/1999/xhtml" xml:lang="en" lang="en">
 <head>
  <title>
</title>
<meta http-equiv="Content-Type" content="text/html;charset=utf-8" />
  <meta name='ocr-system' content='tesseract 3.04.00' />
  <meta name='ocr-capabilities' content='ocr_page ocr_carea ocr_par ocr_line ocrx_word'/>
</head>
<body>
  <div class='ocr_page' id='page_1' title='image "./exactreprintofro00gibbuoft_0279.png"; bbox 0 0 1430 2534; ppageno 0'>
   <div class='ocr_carea' id='block_1_1' title="bbox 335 190 1211 237">
    <p class='ocr_par' dir='ltr' id='par_1_1' title="bbox 335 190 1211 237">
     <span class='ocr_line' id='line_1_1' title="bbox 335 190 1211 237; baseline 0.005 -4"><span class='ocrx_word' id='word_1_1' title='bbox 335 190 598 236; x_wconf 76' lang='lat' dir='ltr'><em>Bibliotheca</em></span> <span class='ocrx_word' id='word_1_2' title='bbox 619 193 765 234; x_wconf 79' lang='lat' dir='ltr'><strong><em>Sanct.</em></strong></span> <span class='ocrx_word' id='word_1_3' title='bbox 790 192 982 236; x_wconf 61' lang='lat' dir='ltr'><strong>Patr-um.</strong></span> <span class='ocrx_word' id='word_1_4' title='bbox 1136 196 1211 237; x_wconf 82' lang='lat'><strong>171</strong></span> 
     </span>
    </p>
   </div>
   <div class='ocr_carea' id='block_1_2' title="bbox 113 259 652 677">
    <p class='ocr_par' dir='ltr' id='par_1_2' title="bbox 113 259 652 677">
     <span class='ocr_line' id='line_1_2' title="bbox 115 259 652 301; baseline 0.007 -5"><span class='ocrx_word' id='word_1_5' title='bbox 115 259 215 301; x_wconf 76' lang='lat' dir='ltr'><strong>inter</strong></span> <span class='ocrx_word' id='word_1_6' title='bbox 221 259 423 299; x_wconf 81' lang='lat' dir='ltr'><strong>Beatorum</strong></span> <span class='ocrx_word' id='word_1_7' title='bbox 432 263 545 300; x_wconf 81' lang='lat' dir='ltr'><strong>vitam</strong></span> <span class='ocrx_word' id='word_1_8' title='bbox 559 271 652 300; x_wconf 85' lang='lat' dir='ltr'><strong>aeter</strong></span> 
     </span>
     <span class='ocr_line' id='line_1_3' title="bbox 117 312 649 363; baseline 0.008 -15"><span class='ocrx_word' id='word_1_9' title='bbox 117 325 215 355; x_wconf 55' lang='lat' dir='ltr'><strong>nani,</strong></span> <span class='ocrx_word' id='word_1_10' title='bbox 229 313 261 349; x_wconf 71' lang='grc' dir='ltr'><strong>δι</strong></span> <span class='ocrx_word' id='word_1_11' title='bbox 276 312 455 363; x_wconf 84' lang='lat' dir='ltr'><strong>Regnum</strong></span> <span class='ocrx_word' id='word_1_12' title='bbox 470 314 627 352; x_wconf 79' lang='lat' dir='ltr'><strong>Coelorfi</strong></span> <span class='ocrx_word' id='word_1_13' title='bbox 639 342 649 358; x_wconf 94' lang='lat'>,</span> 
     </span>
     <span class='ocr_line' id='line_1_4' title="bbox 114 363 648 416; baseline 0.006 -15"><span class='ocrx_word' id='word_1_14' title='bbox 114 363 167 403; x_wconf 81' lang='lat' dir='ltr'><strong>sic</strong></span> <span class='ocrx_word' id='word_1_15' title='bbox 184 364 285 403; x_wconf 78' lang='lat' dir='ltr'><strong>euim</strong></span> <span class='ocrx_word' id='word_1_16' title='bbox 304 365 352 402; x_wconf 78' lang='lat' dir='ltr'><strong>ait</strong></span> <span class='ocrx_word' id='word_1_17' title='bbox 369 379 380 408; x_wconf 73' lang='lat'>3</span> <span class='ocrx_word' id='word_1_18' title='bbox 403 366 507 407; x_wconf 83' lang='lat' dir='ltr'>Quid</span> <span class='ocrx_word' id='word_1_19' title='bbox 526 366 648 416; x_wconf 87' lang='lat' dir='ltr'><strong>ergo?</strong></span> 
     </span>
     <span class='ocr_line' id='line_1_5' title="bbox 114 415 647 458; baseline 0.008 -6"><span class='ocrx_word' id='word_1_20' title='bbox 114 415 307 458; x_wconf 72' lang='lat' dir='ltr'><strong>damnauit</strong></span> <span class='ocrx_word' id='word_1_21' title='bbox 340 417 530 456; x_wconf 90' lang='lat' dir='ltr'>Dominus</span> <span class='ocrx_word' id='word_1_22' title='bbox 562 418 602 456; x_wconf 94' lang='lat' dir='ltr'>N</span> <span class='ocrx_word' id='word_1_23' title='bbox 605 433 647 455; x_wconf 90' lang='lat' dir='ltr'><strong>u-</strong></span> 
     </span>
     <span class='ocr_line' id='line_1_6' title="bbox 114 467 647 517; baseline 0.009 -14"><span class='ocrx_word' id='word_1_24' title='bbox 114 467 240 517; x_wconf 71' lang='lat' dir='ltr'><strong>ptias?</strong></span> <span class='ocrx_word' id='word_1_25' title='bbox 268 469 402 507; x_wconf 82' lang='lat' dir='ltr'><strong>Absit:</strong></span> <span class='ocrx_word' id='word_1_26' title='bbox 422 470 489 509; x_wconf 88' lang='lat' dir='ltr'><strong>sed</strong></span> <span class='ocrx_word' id='word_1_27' title='bbox 502 476 647 508; x_wconf 79' lang='lat' dir='ltr'><strong>tantum</strong></span> 
     </span>
     <span class='ocr_line' id='line_1_7' title="bbox 119 519 647 570; baseline 0.008 -14"><span class='ocrx_word' id='word_1_28' title='bbox 119 519 242 569; x_wconf 81' lang='lat' dir='ltr'>Regni</span> <span class='ocrx_word' id='word_1_29' title='bbox 258 520 416 570; x_wconf 75' lang='lat' dir='ltr'>gloriam</span> <span class='ocrx_word' id='word_1_30' title='bbox 432 521 502 560; x_wconf 88' lang='lat' dir='ltr'><strong>illis</strong></span> <span class='ocrx_word' id='word_1_31' title='bbox 520 536 597 560; x_wconf 89' lang='lat' dir='ltr'><strong>non</strong></span> <span class='ocrx_word' id='word_1_32' title='bbox 614 523 647 560; x_wconf 89' lang='lat' dir='ltr'><strong>vi</strong></span> 
     </span>
     <span class='ocr_line' id='line_1_8' title="bbox 114 572 646 622; baseline 0.009 -15"><span class='ocrx_word' id='word_1_33' title='bbox 114 574 221 622; x_wconf 73' lang='lat' dir='ltr'><strong>tam(</strong></span> <span class='ocrx_word' id='word_1_34' title='bbox 236 572 266 609; x_wconf 86' lang='lat' dir='ltr'><strong>si</strong></span> <span class='ocrx_word' id='word_1_35' title='bbox 282 580 406 610; x_wconf 79' lang='lat' dir='ltr'><strong>tamen</strong></span> <span class='ocrx_word' id='word_1_36' title='bbox 421 574 548 612; x_wconf 88' lang='lat' dir='ltr'><strong>omnia</strong></span> <span class='ocrx_word' id='word_1_37' title='bbox 562 588 646 612; x_wconf 79' lang='lat' dir='ltr'><strong>man</strong></span> 
     </span>
     <span class='ocr_line' id='line_1_9' title="bbox 113 621 647 677; baseline 0.009 -18"><span class='ocrx_word' id='word_1_38' title='bbox 113 621 200 670; x_wconf 75' lang='lat' dir='ltr'><strong>data</strong></span> <span class='ocrx_word' id='word_1_39' title='bbox 209 625 471 677; x_wconf 78' lang='lat' dir='ltr'><strong>seruauerint)</strong></span> <span class='ocrx_word' id='word_1_40' title='bbox 484 626 647 677; x_wconf 84' lang='lat' dir='ltr'><strong>denegas</strong></span> 
     </span>
    </p>
   </div>
   <div class='ocr_carea' id='block_1_3' title="bbox 79 676 642 728">
    <p class='ocr_par' dir='ltr' id='par_1_3' title="bbox 79 676 642 728">
     <span class='ocr_line' id='line_1_10' title="bbox 79 676 642 728; baseline 0.012 -18"><span class='ocrx_word' id='word_1_41' title='bbox 79 694 82 699; x_wconf 95' lang='lat'>·</span> <span class='ocrx_word' id='word_1_42' title='bbox 112 688 154 715; x_wconf 82' lang='lat' dir='ltr'><strong>se</strong></span> <span class='ocrx_word' id='word_1_43' title='bbox 168 683 354 713; x_wconf 79' lang='lat' dir='ltr'><strong>censetur.</strong></span> <span class='ocrx_word' id='word_1_44' title='bbox 378 676 470 715; x_wconf 85' lang='lat' dir='ltr'><strong>Haec</strong></span> <span class='ocrx_word' id='word_1_45' title='bbox 480 678 642 728; x_wconf 81' lang='lat' dir='ltr'><strong>ffle,pla-</strong></span> 
     </span>
    </p>
   </div>
   <div class='ocr_carea' id='block_1_4' title="bbox 109 725 644 884">
    <p class='ocr_par' dir='ltr' id='par_1_4' title="bbox 109 725 644 884">
     <span class='ocr_line' id='line_1_11' title="bbox 113 725 644 780; baseline 0.011 -18"><span class='ocrx_word' id='word_1_46' title='bbox 113 726 161 765; x_wconf 74' lang='lat' dir='ltr'><strong>ne</strong></span> <span class='ocrx_word' id='word_1_47' title='bbox 179 725 358 766; x_wconf 71' lang='lat' dir='ltr'><strong>haeretice</strong></span> <span class='ocrx_word' id='word_1_48' title='bbox 373 728 558 780; x_wconf 87' lang='lat' dir='ltr'><strong>derogans</strong></span> <span class='ocrx_word' id='word_1_49' title='bbox 566 744 644 768; x_wconf 89' lang='lat' dir='ltr'><strong>ma-</strong></span> 
     </span>
     <span class='ocr_line' id='line_1_12' title="bbox 113 777 643 833; baseline 0.008 -17"><span class='ocrx_word' id='word_1_50' title='bbox 113 777 288 823; x_wconf 80' lang='lat' dir='ltr'><strong>trimonio</strong></span> <span class='ocrx_word' id='word_1_51' title='bbox 298 806 310 823; x_wconf 94' lang='lat'><strong><em>,</em></strong></span> <span class='ocrx_word' id='word_1_52' title='bbox 341 781 445 830; x_wconf 85' lang='lat' dir='ltr'>quasi</span> <span class='ocrx_word' id='word_1_53' title='bbox 465 782 643 833; x_wconf 88' lang='lat' dir='ltr'><strong>coniuges</strong></span> 
     </span>
     <span class='ocr_line' id='line_1_13' title="bbox 109 830 642 884; baseline 0.009 -18"><span class='ocrx_word' id='word_1_54' title='bbox 109 830 197 868; x_wconf 85' lang='lat' dir='ltr'><strong>iusti</strong></span> <span class='ocrx_word' id='word_1_55' title='bbox 212 843 286 866; x_wconf 88' lang='lat' dir='ltr'><strong>non</strong></span> <span class='ocrx_word' id='word_1_56' title='bbox 301 832 375 869; x_wconf 86' lang='lat' dir='ltr'><strong>sint</strong></span> <span class='ocrx_word' id='word_1_57' title='bbox 386 833 642 884; x_wconf 67' lang='lat' dir='ltr'><strong>adepturilte-</strong></span> 
     </span>
    </p>
   </div>
   <div class='ocr_carea' id='block_1_5' title="bbox 43 878 640 933">
    <p class='ocr_par' dir='ltr' id='par_1_5' title="bbox 43 878 640 933">
     <span class='ocr_line' id='line_1_14' title="bbox 43 878 640 933; baseline 0.01 -16"><span class='ocrx_word' id='word_1_58' title='bbox 43 878 49 883; x_wconf 75' lang='grc'><em>’</em></span> <span class='ocrx_word' id='word_1_59' title='bbox 107 894 223 933; x_wconf 82' lang='lat' dir='ltr'><strong>gnum</strong></span> <span class='ocrx_word' id='word_1_60' title='bbox 245 882 453 921; x_wconf 81' lang='lat' dir='ltr'><strong>Coelorum.</strong></span> <span class='ocrx_word' id='word_1_61' title='bbox 484 886 640 923; x_wconf 83' lang='lat' dir='ltr'><strong>Omitti-</strong></span> 
     </span>
    </p>
   </div>
   <div class='ocr_carea' id='block_1_6' title="bbox 109 933 641 1126">
    <p class='ocr_par' dir='ltr' id='par_1_6' title="bbox 109 933 641 1126">
     <span class='ocr_line' id='line_1_15' title="bbox 109 933 641 986; baseline 0.011 -17"><span class='ocrx_word' id='word_1_62' title='bbox 109 940 193 970; x_wconf 84' lang='lat' dir='ltr'><strong>mus</strong></span> <span class='ocrx_word' id='word_1_63' title='bbox 223 933 315 971; x_wconf 75' lang='lat' dir='ltr'><strong>aiios</strong></span> <span class='ocrx_word' id='word_1_64' title='bbox 347 934 641 986; x_wconf 76' lang='lat' dir='ltr'><strong>Pelagianismus</strong></span> 
     </span>
     <span class='ocr_line' id='line_1_16' title="bbox 109 987 640 1035; baseline 0.009 -14"><span class='ocrx_word' id='word_1_65' title='bbox 109 991 302 1030; x_wconf 81' lang='lat' dir='ltr'><strong>annotare,</strong></span> <span class='ocrx_word' id='word_1_66' title='bbox 317 999 411 1035; x_wconf 88' lang='lat' dir='ltr'><strong>quos</strong></span> <span class='ocrx_word' id='word_1_67' title='bbox 422 987 561 1026; x_wconf 87' lang='lat' dir='ltr'>Lector</span> <span class='ocrx_word' id='word_1_68' title='bbox 569 989 640 1026; x_wconf 69' lang='lat' dir='ltr'><strong>faci</strong></span> 
     </span>
     <span class='ocr_line' id='line_1_17' title="bbox 113 1036 638 1091; baseline 0.01 -18"><span class='ocrx_word' id='word_1_69' title='bbox 113 1036 148 1075; x_wconf 75' lang='lat' dir='ltr'><strong>le</strong></span> <span class='ocrx_word' id='word_1_70' title='bbox 168 1049 242 1086; x_wconf 73' lang='lat' dir='ltr'><strong>‚per</strong></span> <span class='ocrx_word' id='word_1_71' title='bbox 267 1051 308 1074; x_wconf 91' lang='lat' dir='ltr'><strong>se</strong></span> <span class='ocrx_word' id='word_1_72' title='bbox 340 1038 542 1077; x_wconf 86' lang='lat' dir='ltr'><strong>obseruare</strong></span> <span class='ocrx_word' id='word_1_73' title='bbox 574 1053 638 1091; x_wconf 91' lang='lat' dir='ltr'><strong>po-</strong></span> 
     </span>
     <span class='ocr_line' id='line_1_18' title="bbox 110 1089 211 1126; baseline 0 -1"><span class='ocrx_word' id='word_1_74' title='bbox 110 1089 211 1126; x_wconf 86' lang='lat' dir='ltr'><strong>terit.</strong></span> 
     </span>
    </p>
   </div>
   <div class='ocr_carea' id='block_1_7' title="bbox 162 1192 570 1233">
    <p class='ocr_par' dir='ltr' id='par_1_7' title="bbox 162 1192 570 1233">
     <span class='ocr_line' id='line_1_19' title="bbox 162 1192 570 1233; baseline 0.01 -4"><span class='ocrx_word' id='word_1_75' title='bbox 162 1192 207 1230; x_wconf 89' lang='lat' dir='ltr'><strong>Iu</strong></span> <span class='ocrx_word' id='word_1_76' title='bbox 221 1192 391 1230; x_wconf 88' lang='lat' dir='ltr'><strong>Antonio</strong></span> <span class='ocrx_word' id='word_1_77' title='bbox 406 1194 570 1233; x_wconf 84' lang='lat' dir='ltr'><strong>Melissa.</strong></span> 
     </span>
    </p>
   </div>
   <div class='ocr_carea' id='block_1_8' title="bbox 0 1244 642 1297">
    <p class='ocr_par' dir='ltr' id='par_1_8' title="bbox 0 1244 642 1297">
     <span class='ocr_line' id='line_1_20' title="bbox 0 1244 642 1297; baseline 0.003 -14"><span class='ocrx_word' id='word_1_78' title='bbox 0 1257 2 1259; x_wconf 70' lang='grc'><strong><em>’</em></strong></span> <span class='ocrx_word' id='word_1_79' title='bbox 57 1244 205 1283; x_wconf 83' lang='lat' dir='ltr'><strong>Colum.</strong></span> <span class='ocrx_word' id='word_1_80' title='bbox 229 1245 317 1282; x_wconf 87' lang='grc'>877.</span> <span class='ocrx_word' id='word_1_81' title='bbox 346 1244 389 1281; x_wconf 83' lang='lat' dir='ltr'><strong>in</strong></span> <span class='ocrx_word' id='word_1_82' title='bbox 421 1246 529 1283; x_wconf 78' lang='lat' dir='ltr'><strong>tilulo</strong></span> <span class='ocrx_word' id='word_1_83' title='bbox 557 1246 642 1297; x_wconf 79' lang='lat' dir='ltr'><strong>Ope</strong></span> 
     </span>
    </p>
   </div>
   <div class='ocr_carea' id='block_1_9' title="bbox 95 1295 641 2118">
    <p class='ocr_par' dir='ltr' id='par_1_9' title="bbox 95 1295 641 2118">
     <span class='ocr_line' id='line_1_21' title="bbox 103 1295 641 1348; baseline 0.006 -15"><span class='ocrx_word' id='word_1_84' title='bbox 103 1297 164 1334; x_wconf 69' lang='lat' dir='ltr'><strong>ris</strong></span> <span class='ocrx_word' id='word_1_85' title='bbox 201 1298 240 1334; x_wconf 87' lang='lat' dir='ltr'><strong>S.</strong></span> <span class='ocrx_word' id='word_1_86' title='bbox 277 1295 446 1348; x_wconf 57' lang='lat' dir='ltr'><strong>Aneonis</strong></span> <span class='ocrx_word' id='word_1_87' title='bbox 483 1297 641 1337; x_wconf 78' lang='lat' dir='ltr'><strong>Abbatis</strong></span> 
     </span>
     <span class='ocr_line' id='line_1_22' title="bbox 106 1346 639 1396; baseline 0.008 -12"><span class='ocrx_word' id='word_1_88' title='bbox 106 1346 162 1385; x_wconf 71' lang='lat' dir='ltr'><em>M</em></span> <span class='ocrx_word' id='word_1_89' title='bbox 182 1347 284 1385; x_wconf 75' lang='lat' dir='ltr'><em>lissae</em></span> <span class='ocrx_word' id='word_1_90' title='bbox 313 1349 376 1396; x_wconf 60' lang='lat'><strong>&amp;⁰-</strong></span> <span class='ocrx_word' id='word_1_91' title='bbox 406 1349 492 1387; x_wconf 88' lang='lat' dir='ltr'><strong>dele</strong></span> <span class='ocrx_word' id='word_1_92' title='bbox 510 1377 521 1394; x_wconf 94' lang='lat'><strong>,</strong></span> <span class='ocrx_word' id='word_1_93' title='bbox 552 1349 639 1388; x_wconf 80' lang='lat' dir='ltr'><strong>San</strong></span> 
     </span>
     <span class='ocr_line' id='line_1_23' title="bbox 106 1398 636 1453; baseline 0.006 -17"><span class='ocrx_word' id='word_1_94' title='bbox 106 1399 169 1437; x_wconf 74' lang='lat' dir='ltr'><strong>cti.</strong></span> <span class='ocrx_word' id='word_1_95' title='bbox 201 1398 243 1436; x_wconf 80' lang='lat' dir='ltr'><strong>In</strong></span> <span class='ocrx_word' id='word_1_96' title='bbox 269 1399 406 1437; x_wconf 84' lang='lat' dir='ltr'><strong>eadem·</strong></span> <span class='ocrx_word' id='word_1_97' title='bbox 427 1400 636 1453; x_wconf 85' lang='lat' dir='ltr'><strong>inscriptio-</strong></span> 
     </span>
     <span class='ocr_line' id='line_1_24' title="bbox 104 1450 636 1497; baseline 0.008 -9"><span class='ocrx_word' id='word_1_98' title='bbox 104 1464 165 1496; x_wconf 90' lang='lat' dir='ltr'><strong>ne,</strong></span> <span class='ocrx_word' id='word_1_99' title='bbox 185 1450 267 1488; x_wconf 76' lang='lat' dir='ltr'><strong>dele</strong></span> <span class='ocrx_word' id='word_1_100' title='bbox 277 1450 348 1488; x_wconf 69' lang='lat' dir='ltr'><strong>fua</strong></span> <span class='ocrx_word' id='word_1_101' title='bbox 359 1452 484 1497; x_wconf 75' lang='lat' dir='ltr'><strong>verba,</strong></span> <span class='ocrx_word' id='word_1_102' title='bbox 510 1452 636 1492; x_wconf 82' lang='lat' dir='ltr'><strong>Conra</strong></span> 
     </span>
     <span class='ocr_line' id='line_1_25' title="bbox 104 1502 632 1555; baseline 0.009 -16"><span class='ocrx_word' id='word_1_103' title='bbox 104 1503 155 1540; x_wconf 88' lang='lat' dir='ltr'><strong>do</strong></span> <span class='ocrx_word' id='word_1_104' title='bbox 183 1502 222 1541; x_wconf 89' lang='lat' dir='ltr'>G</span> <span class='ocrx_word' id='word_1_105' title='bbox 252 1515 363 1540; x_wconf 83' lang='lat' dir='ltr'><strong>suero</strong></span> <span class='ocrx_word' id='word_1_106' title='bbox 398 1503 632 1555; x_wconf 81' lang='lat' dir='ltr'><strong>interprete3</strong></span> 
     </span>
     <span class='ocr_line' id='line_1_26' title="bbox 102 1554 632 1608; baseline 0.008 -17"><span class='ocrx_word' id='word_1_107' title='bbox 102 1566 187 1592; x_wconf 75' lang='lat' dir='ltr'><strong>nam</strong></span> <span class='ocrx_word' id='word_1_108' title='bbox 207 1561 263 1592; x_wconf 85' lang='lat' dir='ltr'><strong>est</strong></span> <span class='ocrx_word' id='word_1_109' title='bbox 285 1554 496 1594; x_wconf 76' lang='lat' dir='ltr'><strong>Haereticus</strong></span> <span class='ocrx_word' id='word_1_110' title='bbox 513 1557 632 1608; x_wconf 70' lang='lat' dir='ltr'><strong>prime</strong></span> 
     </span>
     <span class='ocr_line' id='line_1_27' title="bbox 102 1605 630 1658; baseline 0.006 -14"><span class='ocrx_word' id='word_1_111' title='bbox 102 1605 238 1644; x_wconf 83' lang='lat' dir='ltr'>Classis</span> <span class='ocrx_word' id='word_1_112' title='bbox 257 1620 268 1650; x_wconf 71' lang='grc' dir='ltr'>ς</span> <span class='ocrx_word' id='word_1_113' title='bbox 309 1605 367 1645; x_wconf 79' lang='lat' dir='ltr'><strong>Et</strong></span> <span class='ocrx_word' id='word_1_114' title='bbox 390 1609 520 1646; x_wconf 73' lang='lat' dir='ltr'><strong>statim</strong></span> <span class='ocrx_word' id='word_1_115' title='bbox 538 1615 630 1658; x_wconf 76' lang='lat' dir='ltr'><strong>post</strong></span> 
     </span>
     <span class='ocr_line' id='line_1_28' title="bbox 100 1655 629 1748; baseline 0.008 -54"><span class='ocrx_word' id='word_1_116' title='bbox 100 1655 629 1748; x_wconf 51' lang='lat' dir='ltr'><strong>Immaptionemafiponatm·</strong></span> 
     </span>
     <span class='ocr_line' id='line_1_29' title="bbox 99 1708 467 1748; baseline 0.011 -3"><span class='ocrx_word' id='word_1_117' title='bbox 99 1708 292 1747; x_wconf 76' lang='lat' dir='ltr'><strong><em>antidotus</em></strong></span> <span class='ocrx_word' id='word_1_118' title='bbox 318 1710 395 1748; x_wconf 86' lang='lat' dir='ltr'><strong>Hic</strong></span> <span class='ocrx_word' id='word_1_119' title='bbox 459 1711 467 1719; x_wconf 83' lang='lat'><strong><em>&#39;</em></strong></span> 
     </span>
     <span class='ocr_line' id='line_1_30' title="bbox 99 1761 634 1813; baseline 0.007 -15"><span class='ocrx_word' id='word_1_120' title='bbox 99 1765 156 1798; x_wconf 70' lang='lat' dir='ltr'><strong>est</strong></span> <span class='ocrx_word' id='word_1_121' title='bbox 172 1761 211 1799; x_wconf 87' lang='lat' dir='ltr'><strong>S.</strong></span> <span class='ocrx_word' id='word_1_122' title='bbox 224 1761 634 1813; x_wconf 79' lang='lat' dir='ltr'><strong>AntonijMagniAbba</strong></span> 
     </span>
     <span class='ocr_line' id='line_1_31' title="bbox 98 1811 631 1865; baseline 0.009 -17"><span class='ocrx_word' id='word_1_123' title='bbox 98 1811 159 1849; x_wconf 71' lang='lat' dir='ltr'><strong>tis:</strong></span> <span class='ocrx_word' id='word_1_124' title='bbox 175 1813 245 1849; x_wconf 73' lang='lat' dir='ltr'><strong>&#39;sed</strong></span> <span class='ocrx_word' id='word_1_125' title='bbox 256 1813 409 1851; x_wconf 80' lang='lat' dir='ltr'><strong>alterius</strong></span> <span class='ocrx_word' id='word_1_126' title='bbox 419 1827 631 1865; x_wconf 83' lang='lat' dir='ltr'>cognomen</span> 
     </span>
     <span class='ocr_line' id='line_1_32' title="bbox 99 1862 631 1917; baseline 0.009 -18"><span class='ocrx_word' id='word_1_127' title='bbox 99 1868 140 1900; x_wconf 82' lang='lat' dir='ltr'><strong>to</strong></span> <span class='ocrx_word' id='word_1_128' title='bbox 147 1862 319 1908; x_wconf 67' lang='lat' dir='ltr'><strong>Melissae,</strong></span> <span class='ocrx_word' id='word_1_129' title='bbox 329 1865 392 1915; x_wconf 88' lang='lat' dir='ltr'><strong>qui</strong></span> <span class='ocrx_word' id='word_1_130' title='bbox 405 1872 489 1916; x_wconf 88' lang='lat' dir='ltr'><strong>post</strong></span> <span class='ocrx_word' id='word_1_131' title='bbox 501 1872 631 1917; x_wconf 89' lang='lat' dir='ltr'><strong>tempo</strong></span> 
     </span>
     <span class='ocr_line' id='line_1_33' title="bbox 99 1915 630 1961; baseline 0.008 -11"><span class='ocrx_word' id='word_1_132' title='bbox 99 1925 142 1951; x_wconf 76' lang='lat' dir='ltr'><strong>ra</strong></span> <span class='ocrx_word' id='word_1_133' title='bbox 153 1915 269 1952; x_wconf 76' lang='lat' dir='ltr'><strong>sancti</strong></span> <span class='ocrx_word' id='word_1_134' title='bbox 281 1915 504 1954; x_wconf 75' lang='lat' dir='ltr'><strong>Damasceni</strong></span> <span class='ocrx_word' id='word_1_135' title='bbox 520 1917 630 1961; x_wconf 85' lang='lat' dir='ltr'><strong>vixit;</strong></span> 
     </span>
     <span class='ocr_line' id='line_1_34' title="bbox 100 1965 631 2015; baseline 0.009 -14"><span class='ocrx_word' id='word_1_136' title='bbox 100 1965 255 2015; x_wconf 76' lang='lat' dir='ltr'><strong>multaq3</strong></span> <span class='ocrx_word' id='word_1_137' title='bbox 273 1967 464 2011; x_wconf 86' lang='lat' dir='ltr'><strong>continet,</strong></span> <span class='ocrx_word' id='word_1_138' title='bbox 484 1968 559 2006; x_wconf 72' lang='lat' dir='ltr'><strong>acri</strong></span> <span class='ocrx_word' id='word_1_139' title='bbox 571 1995 581 2013; x_wconf 90' lang='lat'>,</span> <span class='ocrx_word' id='word_1_140' title='bbox 598 1970 631 2006; x_wconf 73' lang='grc' dir='ltr'><strong>δι</strong></span> 
     </span>
     <span class='ocr_line' id='line_1_35' title="bbox 98 2016 629 2068; baseline 0.009 -16"><span class='ocrx_word' id='word_1_141' title='bbox 98 2016 267 2067; x_wconf 74' lang='lat' dir='ltr'><strong>diligenti</strong></span> <span class='ocrx_word' id='word_1_142' title='bbox 275 2039 277 2041; x_wconf 96' lang='lat'>-</span> <span class='ocrx_word' id='word_1_143' title='bbox 285 2031 330 2055; x_wconf 83' lang='lat' dir='ltr'><strong>ex</strong></span> <span class='ocrx_word' id='word_1_144' title='bbox 359 2019 554 2068; x_wconf 63' lang='lat' dir='ltr'><strong>urgetione</strong></span> <span class='ocrx_word' id='word_1_145' title='bbox 573 2021 629 2057; x_wconf 90' lang='lat' dir='ltr'><strong>di-</strong></span> 
     </span>
     <span class='ocr_line' id='line_1_36' title="bbox 95 2069 627 2118; baseline 0.008 -13"><span class='ocrx_word' id='word_1_146' title='bbox 95 2081 170 2118; x_wconf 77' lang='lat' dir='ltr'><strong>gna</strong></span> <span class='ocrx_word' id='word_1_147' title='bbox 181 2098 195 2116; x_wconf 92' lang='lat'>,</span> <span class='ocrx_word' id='word_1_148' title='bbox 212 2081 282 2105; x_wconf 83' lang='lat' dir='ltr'><strong>nec</strong></span> <span class='ocrx_word' id='word_1_149' title='bbox 295 2069 319 2106; x_wconf 82' lang='lat' dir='ltr'><strong>fi</strong></span> <span class='ocrx_word' id='word_1_150' title='bbox 348 2070 486 2108; x_wconf 85' lang='lat' dir='ltr'><strong>endum</strong></span> <span class='ocrx_word' id='word_1_151' title='bbox 505 2069 627 2109; x_wconf 81' lang='lat' dir='ltr'><strong>Inter-</strong></span> 
     </span>
    </p>
   </div>
   <div class='ocr_carea' id='block_1_10' title="bbox 711 261 1262 1024">
    <p class='ocr_par' dir='ltr' id='par_1_10' title="bbox 711 261 1262 1024">
     <span class='ocr_line' id='line_1_37' title="bbox 721 261 1262 312; baseline 0.007 -14"><span class='ocrx_word' id='word_1_152' title='bbox 721 275 779 305; x_wconf 91' lang='lat' dir='ltr'><strong>co,</strong></span> <span class='ocrx_word' id='word_1_153' title='bbox 797 261 928 312; x_wconf 75' lang='lat' dir='ltr'><strong>vtpote</strong></span> <span class='ocrx_word' id='word_1_154' title='bbox 936 262 1107 300; x_wconf 85' lang='lat' dir='ltr'><strong>conflatae</strong></span> <span class='ocrx_word' id='word_1_155' title='bbox 1118 264 1140 301; x_wconf 65' lang='grc' dir='ltr'>ὲ</span> <span class='ocrx_word' id='word_1_156' title='bbox 1149 278 1262 302; x_wconf 84' lang='lat' dir='ltr'><strong>recen</strong></span> 
     </span>
     <span class='ocr_line' id='line_1_38' title="bbox 721 313 1260 354; baseline 0.007 -4"><span class='ocrx_word' id='word_1_157' title='bbox 721 313 809 351; x_wconf 87' lang='lat' dir='ltr'><strong>tiori</strong></span> <span class='ocrx_word' id='word_1_158' title='bbox 858 313 1036 352; x_wconf 65' lang='lat' dir='ltr'><strong>haeretico</strong></span> <span class='ocrx_word' id='word_1_159' title='bbox 1082 314 1260 354; x_wconf 85' lang='lat' dir='ltr'><strong>Conrado</strong></span> 
     </span>
     <span class='ocr_line' id='line_1_39' title="bbox 723 365 1258 416; baseline 0.006 -14"><span class='ocrx_word' id='word_1_160' title='bbox 723 365 898 404; x_wconf 77' lang='lat' dir='ltr'><strong>Gesnero</strong></span> <span class='ocrx_word' id='word_1_161' title='bbox 910 393 920 410; x_wconf 95' lang='lat'>,</span> <span class='ocrx_word' id='word_1_162' title='bbox 937 380 980 404; x_wconf 88' lang='lat' dir='ltr'><strong>ac</strong></span> <span class='ocrx_word' id='word_1_163' title='bbox 993 366 1153 416; x_wconf 85' lang='lat' dir='ltr'><strong>proinde</strong></span> <span class='ocrx_word' id='word_1_164' title='bbox 1168 381 1258 405; x_wconf 89' lang='lat' dir='ltr'><strong>con-</strong></span> 
     </span>
     <span class='ocr_line' id='line_1_40' title="bbox 720 417 1258 467; baseline 0.007 -14"><span class='ocrx_word' id='word_1_165' title='bbox 720 417 941 467; x_wconf 89' lang='lat' dir='ltr'><strong>fugiendum</strong></span> <span class='ocrx_word' id='word_1_166' title='bbox 961 418 1029 456; x_wconf 86' lang='lat' dir='ltr'><strong>tibi</strong></span> <span class='ocrx_word' id='word_1_167' title='bbox 1050 417 1193 458; x_wconf 86' lang='lat' dir='ltr'><strong>Lector</strong></span> <span class='ocrx_word' id='word_1_168' title='bbox 1211 420 1258 457; x_wconf 86' lang='lat' dir='ltr'><strong>ad</strong></span> 
     </span>
     <span class='ocr_line' id='line_1_41' title="bbox 719 468 1259 508; baseline 0.006 -3"><span class='ocrx_word' id='word_1_169' title='bbox 719 468 783 506; x_wconf 86' lang='lat' dir='ltr'><strong>lib.</strong></span> <span class='ocrx_word' id='word_1_170' title='bbox 802 470 836 506; x_wconf 93' lang='grc'><strong>1.</strong></span> <span class='ocrx_word' id='word_1_171' title='bbox 852 469 1048 508; x_wconf 82' lang='lat' dir='ltr'><strong>sacrarum</strong></span> <span class='ocrx_word' id='word_1_172' title='bbox 1065 470 1259 508; x_wconf 86' lang='lat' dir='ltr'><strong>Obserua-</strong></span> 
     </span>
     <span class='ocr_line' id='line_1_42' title="bbox 718 521 1254 573; baseline 0.004 -15"><span class='ocrx_word' id='word_1_173' title='bbox 718 521 865 558; x_wconf 84' lang='lat' dir='ltr'><strong>tiouum</strong></span> <span class='ocrx_word' id='word_1_174' title='bbox 874 521 1002 559; x_wconf 91' lang='lat' dir='ltr'><strong>Iacobi</strong></span> <span class='ocrx_word' id='word_1_175' title='bbox 1017 522 1117 572; x_wconf 88' lang='lat' dir='ltr'><strong>Billij</strong></span> <span class='ocrx_word' id='word_1_176' title='bbox 1133 527 1254 573; x_wconf 86' lang='lat' dir='ltr'><strong>cap.4.</strong></span> 
     </span>
     <span class='ocr_line' id='line_1_43' title="bbox 718 573 1255 614; baseline 0.011 -6"><span class='ocrx_word' id='word_1_177' title='bbox 718 573 752 609; x_wconf 69' lang='grc' dir='ltr'><strong>δι</strong></span> <span class='ocrx_word' id='word_1_178' title='bbox 770 574 808 609; x_wconf 89' lang='grc'><strong>5.</strong></span> <span class='ocrx_word' id='word_1_179' title='bbox 830 574 862 610; x_wconf 74' lang='lat' dir='ltr'><strong>Sc</strong></span> <span class='ocrx_word' id='word_1_180' title='bbox 879 573 927 611; x_wconf 89' lang='lat' dir='ltr'><strong>ad</strong></span> <span class='ocrx_word' id='word_1_181' title='bbox 948 573 1072 613; x_wconf 82' lang='lat' dir='ltr'><strong>Notas</strong></span> <span class='ocrx_word' id='word_1_182' title='bbox 1091 574 1255 614; x_wconf 90' lang='lat' dir='ltr'><strong>Fronto-</strong></span> 
     </span>
     <span class='ocr_line' id='line_1_44' title="bbox 716 625 1256 676; baseline 0.007 -15"><span class='ocrx_word' id='word_1_183' title='bbox 716 625 772 662; x_wconf 86' lang='lat' dir='ltr'><strong>nis</strong></span> <span class='ocrx_word' id='word_1_184' title='bbox 787 625 934 671; x_wconf 87' lang='lat' dir='ltr'><strong>Ducaei,</strong></span> <span class='ocrx_word' id='word_1_185' title='bbox 948 639 1031 676; x_wconf 87' lang='lat' dir='ltr'><strong>quae</strong></span> <span class='ocrx_word' id='word_1_186' title='bbox 1043 625 1104 664; x_wconf 89' lang='lat' dir='ltr'><strong>hic</strong></span> <span class='ocrx_word' id='word_1_187' title='bbox 1116 627 1164 664; x_wconf 88' lang='lat' dir='ltr'><strong>ad</strong></span> <span class='ocrx_word' id='word_1_188' title='bbox 1179 627 1256 667; x_wconf 67' lang='lat' dir='ltr'><strong>fine</strong></span> 
     </span>
     <span class='ocr_line' id='line_1_45' title="bbox 717 677 1253 729; baseline 0.007 -16"><span class='ocrx_word' id='word_1_189' title='bbox 717 677 860 727; x_wconf 85' lang='lat' dir='ltr'><strong>aliquot</strong></span> <span class='ocrx_word' id='word_1_190' title='bbox 880 678 1044 727; x_wconf 86' lang='lat' dir='ltr'><strong>capitum</strong></span> <span class='ocrx_word' id='word_1_191' title='bbox 1063 679 1253 729; x_wconf 74' lang='lat' dir='ltr'><strong>subijcifit:</strong></span> 
     </span>
     <span class='ocr_line' id='line_1_46' title="bbox 716 730 1254 779; baseline 0.006 -13"><span class='ocrx_word' id='word_1_192' title='bbox 716 737 875 779; x_wconf 79' lang='lat' dir='ltr'><strong>vterque</strong></span> <span class='ocrx_word' id='word_1_193' title='bbox 903 731 1004 768; x_wconf 91' lang='lat' dir='ltr'><strong>enim</strong></span> <span class='ocrx_word' id='word_1_194' title='bbox 1033 730 1173 769; x_wconf 89' lang='lat' dir='ltr'><strong>multos</strong></span> <span class='ocrx_word' id='word_1_195' title='bbox 1200 732 1254 769; x_wconf 86' lang='lat' dir='ltr'><strong>la-</strong></span> 
     </span>
     <span class='ocr_line' id='line_1_47' title="bbox 714 782 1252 833; baseline 0.006 -15"><span class='ocrx_word' id='word_1_196' title='bbox 714 794 802 831; x_wconf 88' lang='lat' dir='ltr'><strong>psus</strong></span> <span class='ocrx_word' id='word_1_197' title='bbox 819 782 1000 820; x_wconf 87' lang='lat' dir='ltr'><strong>Haeretici</strong></span> <span class='ocrx_word' id='word_1_198' title='bbox 1015 782 1252 833; x_wconf 89' lang='lat' dir='ltr'><strong>Interpretis,</strong></span> 
     </span>
     <span class='ocr_line' id='line_1_48' title="bbox 715 833 1235 879; baseline 0.008 -10"><span class='ocrx_word' id='word_1_199' title='bbox 715 833 747 869; x_wconf 86' lang='lat'>&amp;</span> <span class='ocrx_word' id='word_1_200' title='bbox 763 833 993 879; x_wconf 70' lang='lat' dir='ltr'><strong>obseruabst,</strong></span> <span class='ocrx_word' id='word_1_201' title='bbox 1012 835 1045 872; x_wconf 88' lang='lat'>&amp;</span> <span class='ocrx_word' id='word_1_202' title='bbox 1056 835 1235 873; x_wconf 82' lang='lat' dir='ltr'><strong>restituit.</strong></span> 
     </span>
     <span class='ocr_line' id='line_1_49' title="bbox 725 883 1252 937; baseline 0.008 -16"><span class='ocrx_word' id='word_1_203' title='bbox 725 883 819 922; x_wconf 78' lang='lat' dir='ltr'><strong>Vide</strong></span> <span class='ocrx_word' id='word_1_204' title='bbox 876 900 1026 937; x_wconf 75' lang='lat' dir='ltr'><strong>quoque</strong></span> <span class='ocrx_word' id='word_1_205' title='bbox 1069 886 1252 925; x_wconf 72' lang='lat' dir='ltr'><strong>Possem·-</strong></span> 
     </span>
     <span class='ocr_line' id='line_1_50' title="bbox 711 938 1251 988; baseline 0.007 -16"><span class='ocrx_word' id='word_1_206' title='bbox 711 949 807 973; x_wconf 81' lang='lat' dir='ltr'><strong>num</strong></span> <span class='ocrx_word' id='word_1_207' title='bbox 844 938 886 974; x_wconf 81' lang='lat' dir='ltr'><strong>in</strong></span> <span class='ocrx_word' id='word_1_208' title='bbox 931 938 1150 988; x_wconf 74' lang='lat' dir='ltr'><strong>Apparatu</strong></span> <span class='ocrx_word' id='word_1_209' title='bbox 1187 953 1251 976; x_wconf 73' lang='lat' dir='ltr'><strong>sa-</strong></span> 
     </span>
     <span class='ocr_line' id='line_1_51' title="bbox 711 1000 790 1024; baseline 0 0"><span class='ocrx_word' id='word_1_210' title='bbox 711 1000 790 1024; x_wconf 81' lang='lat' dir='ltr'><strong>cro.</strong></span> 
     </span>
    </p>
   </div>
   <div class='ocr_carea' id='block_1_11' title="bbox 664 1089 1251 1139">
    <p class='ocr_par' dir='ltr' id='par_1_11' title="bbox 664 1089 1251 1139">
     <span class='ocr_line' id='line_1_52' title="bbox 664 1089 1251 1139; baseline 0.009 -11"><span class='ocrx_word' id='word_1_211' title='bbox 664 1089 783 1128; x_wconf 89' lang='lat' dir='ltr'><strong>Serm.</strong></span> <span class='ocrx_word' id='word_1_212' title='bbox 807 1093 841 1128; x_wconf 89' lang='lat'><strong>1.</strong></span> <span class='ocrx_word' id='word_1_213' title='bbox 860 1092 931 1130; x_wconf 87' lang='lat' dir='ltr'><strong>col.</strong></span> <span class='ocrx_word' id='word_1_214' title='bbox 946 1094 1034 1133; x_wconf 88' lang='grc'><strong>879.</strong></span> <span class='ocrx_word' id='word_1_215' title='bbox 1057 1094 1091 1132; x_wconf 87' lang='grc' dir='ltr'>Ε</span> <span class='ocrx_word' id='word_1_216' title='bbox 1106 1122 1116 1139; x_wconf 94' lang='grc'><strong>,</strong></span> <span class='ocrx_word' id='word_1_217' title='bbox 1136 1095 1190 1133; x_wconf 77' lang='lat' dir='ltr'><strong>ibi</strong></span> <span class='ocrx_word' id='word_1_218' title='bbox 1207 1097 1251 1133; x_wconf 82' lang='lat' dir='ltr'><strong>in</strong></span> 
     </span>
    </p>
   </div>
   <div class='ocr_carea' id='block_1_12' title="bbox 701 1145 1278 1653">
    <p class='ocr_par' dir='ltr' id='par_1_12' title="bbox 701 1145 1278 1653">
     <span class='ocr_line' id='line_1_53' title="bbox 713 1145 1250 1185; baseline 0.011 -6"><span class='ocrx_word' id='word_1_219' title='bbox 713 1148 822 1180; x_wconf 67' lang='lat' dir='ltr'><strong>textu</strong></span> <span class='ocrx_word' id='word_1_220' title='bbox 837 1158 853 1181; x_wconf 89' lang='lat'><strong>.·</strong></span> <span class='ocrx_word' id='word_1_221' title='bbox 879 1157 961 1182; x_wconf 82' lang='lat' dir='ltr'><strong>eam</strong></span> <span class='ocrx_word' id='word_1_222' title='bbox 989 1145 1078 1183; x_wconf 75' lang='lat' dir='ltr'><strong>vero</strong></span> <span class='ocrx_word' id='word_1_223' title='bbox 1109 1147 1250 1185; x_wconf 83' lang='lat' dir='ltr'><strong>solum·</strong></span> 
     </span>
     <span class='ocr_line' id='line_1_54' title="bbox 712 1195 1250 1248; baseline 0.011 -17"><span class='ocrx_word' id='word_1_224' title='bbox 712 1195 827 1233; x_wconf 91' lang='lat' dir='ltr'><strong>modo</strong></span> <span class='ocrx_word' id='word_1_225' title='bbox 855 1207 1051 1243; x_wconf 80' lang='lat' dir='ltr'><strong>naturam,</strong></span> <span class='ocrx_word' id='word_1_226' title='bbox 1081 1211 1167 1248; x_wconf 81' lang='lat' dir='ltr'><strong>quae</strong></span> <span class='ocrx_word' id='word_1_227' title='bbox 1193 1200 1250 1237; x_wconf 87' lang='lat' dir='ltr'><strong>in-</strong></span> 
     </span>
     <span class='ocr_line' id='line_1_55' title="bbox 711 1249 1246 1295; baseline 0.009 -11"><span class='ocrx_word' id='word_1_228' title='bbox 711 1254 838 1285; x_wconf 82' lang='lat' dir='ltr'><strong>creata</strong></span> <span class='ocrx_word' id='word_1_229' title='bbox 860 1255 918 1286; x_wconf 90' lang='lat' dir='ltr'><strong>est</strong></span> <span class='ocrx_word' id='word_1_230' title='bbox 936 1249 1073 1295; x_wconf 87' lang='lat' dir='ltr'><strong>colere,</strong></span> <span class='ocrx_word' id='word_1_231' title='bbox 1099 1251 1131 1287; x_wconf 89' lang='lat'>&amp;</span> <span class='ocrx_word' id='word_1_232' title='bbox 1149 1264 1246 1289; x_wconf 84' lang='lat' dir='ltr'><strong>vene</strong></span> 
     </span>
     <span class='ocr_line' id='line_1_56' title="bbox 711 1298 1246 1345; baseline 0.013 -11"><span class='ocrx_word' id='word_1_233' title='bbox 711 1298 782 1335; x_wconf 83' lang='lat' dir='ltr'><strong>rari</strong></span> <span class='ocrx_word' id='word_1_234' title='bbox 816 1299 1015 1338; x_wconf 89' lang='lat' dir='ltr'><strong>didicimus</strong></span> <span class='ocrx_word' id='word_1_235' title='bbox 1033 1315 1044 1345; x_wconf 90' lang='lat'>;</span> <span class='ocrx_word' id='word_1_236' title='bbox 1086 1302 1147 1340; x_wconf 83' lang='lat' dir='ltr'><strong>vel</strong></span> <span class='ocrx_word' id='word_1_237' title='bbox 1179 1316 1246 1340; x_wconf 72' lang='lat' dir='ltr'><strong>ea·-</strong></span> 
     </span>
     <span class='ocr_line' id='line_1_57' title="bbox 701 1351 1244 1401; baseline 0.013 -15"><span class='ocrx_word' id='word_1_238' title='bbox 701 1356 912 1401; x_wconf 75' lang='lat' dir='ltr'><strong>pungatur</strong></span> <span class='ocrx_word' id='word_1_239' title='bbox 929 1351 1044 1390; x_wconf 81' lang='lat' dir='ltr'><strong>dictio</strong></span> <span class='ocrx_word' id='word_1_240' title='bbox 1058 1380 1068 1398; x_wconf 94' lang='lat'>,</span> <span class='ocrx_word' id='word_1_241' title='bbox 1093 1354 1244 1392; x_wconf 91' lang='lat' dir='ltr'><strong>Solum-</strong></span> 
     </span>
     <span class='ocr_line' id='line_1_58' title="bbox 708 1402 1244 1455; baseline 0.009 -17"><span class='ocrx_word' id='word_1_242' title='bbox 708 1402 837 1446; x_wconf 88' lang='lat' dir='ltr'><strong>mod0;</strong></span> <span class='ocrx_word' id='word_1_243' title='bbox 865 1403 924 1441; x_wconf 83' lang='lat' dir='ltr'><strong>vel</strong></span> <span class='ocrx_word' id='word_1_244' title='bbox 939 1405 1121 1455; x_wconf 79' lang='lat' dir='ltr'><strong>qffigatm·</strong></span> <span class='ocrx_word' id='word_1_245' title='bbox 1137 1419 1244 1443; x_wconf 79' lang='lat' dir='ltr'><strong>mar-</strong></span> 
     </span>
     <span class='ocr_line' id='line_1_59' title="bbox 701 1454 1278 1507; baseline 0.009 -17"><span class='ocrx_word' id='word_1_246' title='bbox 701 1454 819 1502; x_wconf 63' lang='lat' dir='ltr'><strong>gini.-</strong></span> <span class='ocrx_word' id='word_1_247' title='bbox 849 1454 1096 1507; x_wconf 74' lang='lat' dir='ltr'><strong>Cautelege3</strong></span> <span class='ocrx_word' id='word_1_248' title='bbox 1117 1458 1243 1498; x_wconf 82' lang='lat' dir='ltr'>forsan</span> <span class='ocrx_word' id='word_1_249' title='bbox 1274 1490 1278 1495; x_wconf 93' lang='lat'>.</span> 
     </span>
     <span class='ocr_line' id='line_1_60' title="bbox 707 1505 1241 1559; baseline 0.015 -18"><span class='ocrx_word' id='word_1_250' title='bbox 707 1505 755 1542; x_wconf 94' lang='lat' dir='ltr'><strong>de</strong></span> <span class='ocrx_word' id='word_1_251' title='bbox 773 1519 949 1556; x_wconf 84' lang='lat' dir='ltr'><strong>suprema</strong></span> <span class='ocrx_word' id='word_1_252' title='bbox 964 1539 974 1556; x_wconf 93' lang='lat'>,</span> <span class='ocrx_word' id='word_1_253' title='bbox 1006 1509 1038 1545; x_wconf 87' lang='lat'>&amp;</span> <span class='ocrx_word' id='word_1_254' title='bbox 1064 1510 1241 1559; x_wconf 82' lang='lat' dir='ltr'><strong>primaria</strong></span> 
     </span>
     <span class='ocr_line' id='line_1_61' title="bbox 703 1557 1238 1613; baseline 0.015 -20"><span class='ocrx_word' id='word_1_255' title='bbox 703 1557 849 1595; x_wconf 81' lang='lat' dir='ltr'><strong>ratione</strong></span> <span class='ocrx_word' id='word_1_256' title='bbox 872 1557 992 1609; x_wconf 69' lang='lat' dir='ltr'><strong>latrie,</strong></span> <span class='ocrx_word' id='word_1_257' title='bbox 1018 1573 1092 1611; x_wconf 69' lang='lat' dir='ltr'><strong>que</strong></span> <span class='ocrx_word' id='word_1_258' title='bbox 1111 1575 1180 1613; x_wconf 89' lang='lat' dir='ltr'><strong>per</strong></span> <span class='ocrx_word' id='word_1_259' title='bbox 1196 1577 1238 1601; x_wconf 89' lang='lat' dir='ltr'><strong>se</strong></span> 
     </span>
     <span class='ocr_line' id='line_1_62' title="bbox 702 1610 1238 1653; baseline 0.015 -8"><span class='ocrx_word' id='word_1_260' title='bbox 702 1615 849 1646; x_wconf 77' lang='lat' dir='ltr'><strong>tantum</strong></span> <span class='ocrx_word' id='word_1_261' title='bbox 870 1610 1074 1649; x_wconf 82' lang='lat' dir='ltr'><strong>Diuinitati</strong></span> <span class='ocrx_word' id='word_1_262' title='bbox 1094 1615 1238 1653; x_wconf 77' lang='lat' dir='ltr'><strong>tribuit.</strong></span> 
     </span>
    </p>
   </div>
   <div class='ocr_carea' id='block_1_13' title="bbox 458 1711 1237 1759">
    <p class='ocr_par' dir='ltr' id='par_1_13' title="bbox 458 1711 1237 1759">
     <span class='ocr_line' id='line_1_63' title="bbox 458 1711 1237 1759; baseline 0.01 -11"><span class='ocrx_word' id='word_1_263' title='bbox 458 1711 538 1749; x_wconf 79' lang='lat' dir='ltr'><strong>lber</strong></span> <span class='ocrx_word' id='word_1_264' title='bbox 557 1725 633 1750; x_wconf 90' lang='lat' dir='ltr'><strong>non</strong></span> <span class='ocrx_word' id='word_1_265' title='bbox 648 1725 746 1750; x_wconf 90' lang='lat' dir='ltr'><strong>serm</strong></span> <span class='ocrx_word' id='word_1_266' title='bbox 766 1713 803 1749; x_wconf 82' lang='lat'><strong>2.</strong></span> <span class='ocrx_word' id='word_1_267' title='bbox 816 1713 887 1751; x_wconf 81' lang='lat' dir='ltr'><strong>col.</strong></span> <span class='ocrx_word' id='word_1_268' title='bbox 901 1714 981 1750; x_wconf 80' lang='lat'><strong>882</strong></span> <span class='ocrx_word' id='word_1_269' title='bbox 1010 1714 1061 1759; x_wconf 91' lang='lat' dir='ltr'><strong>D,</strong></span> <span class='ocrx_word' id='word_1_270' title='bbox 1081 1715 1153 1753; x_wconf 79' lang='lat' dir='ltr'><em>illa</em></span> <span class='ocrx_word' id='word_1_271' title='bbox 1169 1731 1237 1756; x_wconf 74' lang='lat' dir='ltr'><strong>ver</strong></span> 
     </span>
    </p>
   </div>
   <div class='ocr_carea' id='block_1_14' title="bbox 697 1764 1236 2026">
    <p class='ocr_par' dir='ltr' id='par_1_14' title="bbox 697 1764 1236 2026">
     <span class='ocr_line' id='line_1_64' title="bbox 699 1764 1234 1809; baseline 0.015 -9"><span class='ocrx_word' id='word_1_272' title='bbox 699 1764 746 1800; x_wconf 81' lang='lat' dir='ltr'><strong>ba</strong></span> <span class='ocrx_word' id='word_1_273' title='bbox 765 1770 900 1809; x_wconf 67' lang='lat' dir='ltr'><strong>textus,</strong></span> <span class='ocrx_word' id='word_1_274' title='bbox 918 1764 1133 1805; x_wconf 80' lang='lat' dir='ltr'><strong>Praesertim</strong></span> <span class='ocrx_word' id='word_1_275' title='bbox 1148 1783 1234 1808; x_wconf 89' lang='lat' dir='ltr'><strong>cum</strong></span> 
     </span>
     <span class='ocr_line' id='line_1_65' title="bbox 698 1815 1236 1868; baseline 0.015 -16"><span class='ocrx_word' id='word_1_276' title='bbox 698 1815 800 1854; x_wconf 83' lang='lat' dir='ltr'><strong>nulla</strong></span> <span class='ocrx_word' id='word_1_277' title='bbox 821 1816 868 1854; x_wconf 88' lang='lat' dir='ltr'><strong>sit</strong></span> <span class='ocrx_word' id='word_1_278' title='bbox 894 1819 1145 1868; x_wconf 84' lang='lat' dir='ltr'><strong>regeneratio,</strong></span> <span class='ocrx_word' id='word_1_279' title='bbox 1175 1823 1236 1860; x_wconf 88' lang='lat' dir='ltr'><strong>vel</strong></span> 
     </span>
     <span class='ocr_line' id='line_1_66' title="bbox 698 1867 1231 1922; baseline 0.013 -18"><span class='ocrx_word' id='word_1_280' title='bbox 698 1867 926 1913; x_wconf 84' lang='lat' dir='ltr'><strong>reformatio,</strong></span> <span class='ocrx_word' id='word_1_281' title='bbox 944 1883 1013 1907; x_wconf 89' lang='lat' dir='ltr'><strong>nec</strong></span> <span class='ocrx_word' id='word_1_282' title='bbox 1027 1870 1152 1922; x_wconf 82' lang='lat' dir='ltr'><strong>aliqua</strong></span> <span class='ocrx_word' id='word_1_283' title='bbox 1163 1887 1231 1911; x_wconf 83' lang='lat' dir='ltr'><strong>an-</strong></span> 
     </span>
     <span class='ocr_line' id='line_1_67' title="bbox 697 1918 1229 1973; baseline 0.015 -18"><span class='ocrx_word' id='word_1_284' title='bbox 697 1918 812 1969; x_wconf 81' lang='lat' dir='ltr'><strong>tiquae</strong></span> <span class='ocrx_word' id='word_1_285' title='bbox 842 1921 1068 1960; x_wconf 89' lang='lat' dir='ltr'><strong>conditionis</strong></span> <span class='ocrx_word' id='word_1_286' title='bbox 1095 1925 1229 1973; x_wconf 81' lang='lat' dir='ltr'><strong>restitu</strong></span> 
     </span>
     <span class='ocr_line' id='line_1_68' title="bbox 698 1969 1230 2026; baseline 0.015 -19"><span class='ocrx_word' id='word_1_287' title='bbox 698 1970 751 2008; x_wconf 84' lang='lat' dir='ltr'><strong>tio</strong></span> <span class='ocrx_word' id='word_1_288' title='bbox 764 1998 774 2007; x_wconf 94' lang='lat'><strong>.</strong></span> <span class='ocrx_word' id='word_1_289' title='bbox 819 1969 886 2008; x_wconf 79' lang='lat' dir='ltr'><strong>Vel</strong></span> <span class='ocrx_word' id='word_1_290' title='bbox 894 1986 1063 2022; x_wconf 75' lang='lat' dir='ltr'><strong>prorsus</strong></span> <span class='ocrx_word' id='word_1_291' title='bbox 1080 1989 1230 2026; x_wconf 71' lang='lat' dir='ltr'><strong>expun-</strong></span> 
     </span>
    </p>
   </div>
   <div class='ocr_carea' id='block_1_15' title="bbox 688 2023 1232 2127">
    <p class='ocr_par' dir='ltr' id='par_1_15' title="bbox 688 2023 1232 2127">
     <span class='ocr_line' id='line_1_69' title="bbox 688 2023 1232 2071; baseline 0.013 -12"><span class='ocrx_word' id='word_1_292' title='bbox 688 2024 824 2071; x_wconf 62' lang='lat' dir='ltr'><strong>gitur,</strong></span> <span class='ocrx_word' id='word_1_293' title='bbox 839 2023 897 2061; x_wconf 80' lang='lat' dir='ltr'><strong>vel</strong></span> <span class='ocrx_word' id='word_1_294' title='bbox 911 2030 1065 2063; x_wconf 76' lang='lat' dir='ltr'><strong>notetur</strong></span> <span class='ocrx_word' id='word_1_295' title='bbox 1082 2028 1125 2063; x_wconf 79' lang='lat' dir='ltr'><strong>in</strong></span> <span class='ocrx_word' id='word_1_296' title='bbox 1144 2041 1232 2066; x_wconf 79' lang='lat' dir='ltr'><strong>mar</strong></span> 
     </span>
     <span class='ocr_line' id='line_1_70' title="bbox 688 2074 1229 2127; baseline 0.015 -17"><span class='ocrx_word' id='word_1_297' title='bbox 688 2074 928 2122; x_wconf 61' lang='lat' dir='ltr'><strong>ginmCaute</strong></span> <span class='ocrx_word' id='word_1_298' title='bbox 941 2076 1043 2127; x_wconf 86' lang='lat' dir='ltr'><strong>lege,</strong></span> <span class='ocrx_word' id='word_1_299' title='bbox 1063 2078 1229 2118; x_wconf 83' lang='lat' dir='ltr'><strong>fortassis</strong></span> 
     </span>
    </p>
   </div>
   <div class='ocr_carea' id='block_1_16' title="bbox 96 2119 1229 2177">
    <p class='ocr_par' dir='ltr' id='par_1_16' title="bbox 96 2119 1229 2177">
     <span class='ocr_line' id='line_1_71' title="bbox 96 2119 1229 2177; baseline 0.011 -21"><span class='ocrx_word' id='word_1_300' title='bbox 96 2119 297 2170; x_wconf 74' lang='lat' dir='ltr'><strong>pretatioui</strong></span> <span class='ocrx_word' id='word_1_301' title='bbox 312 2120 456 2160; x_wconf 71' lang='lat' dir='ltr'><strong>Latinae</strong></span> <span class='ocrx_word' id='word_1_302' title='bbox 472 2135 518 2160; x_wconf 80' lang='lat' dir='ltr'><strong>ex</strong></span> <span class='ocrx_word' id='word_1_303' title='bbox 538 2123 626 2162; x_wconf 79' lang='lat' dir='ltr'><strong>Grae</strong></span> <span class='ocrx_word' id='word_1_304' title='bbox 691 2125 865 2177; x_wconf 82' lang='lat' dir='ltr'><strong>intelligit</strong></span> <span class='ocrx_word' id='word_1_305' title='bbox 881 2141 955 2165; x_wconf 89' lang='lat' dir='ltr'><strong>non</strong></span> <span class='ocrx_word' id='word_1_306' title='bbox 971 2132 1229 2169; x_wconf 74' lang='lat' dir='ltr'><strong>essesecuudu</strong></span> 
     </span>
    </p>
   </div>
   <div class='ocr_carea' id='block_1_17' title="bbox 1102 2181 1175 2219">
    <p class='ocr_par' dir='ltr' id='par_1_17' title="bbox 1102 2181 1175 2219">
     <span class='ocr_line' id='line_1_72' title="bbox 1102 2181 1175 2219; baseline 0.014 -1"><span class='ocrx_word' id='word_1_307' title='bbox 1102 2181 1175 2219; x_wconf 83' lang='lat' dir='ltr'><strong>Ba-</strong></span> 
     </span>
    </p>
   </div>
  </div>
 </body>
</html>
