1430 2534
380 249 585 294 Bibliotlz.
608 250 750 292 Sanc-t.
768 250 964 289 Puerum.

133 330 199 363 ta.
231 323 373 363 Ibidem
407 330 491 379 post
522 331 665 374 septem

130 379 248 416 lineas
271 390 443 428 expunge
466 377 530 419 illa
554 378 667 416 verba

131 433 276 470 colitur
298 431 348 469 ab
369 431 516 473 homine
537 431 640 469 malo
656 460 666 478 ‚

130 498 266 536 neque.

77 557 200 597 Serm.
216 559 280 596 58.
297 558 366 596 col.
384 559 476 596 881.
496 557 546 603 A,
566 557 666 597 abra

132 613 181 654 de
201 617 304 654 totas
322 612 417 650 illas
438 611 667 658 lineas,Qui

131 665 294 708 exeundi
331 672 493 717 tempore
528 665 669 705 laborat

131 727 235 763 metu
258 731 332 758 non
358 717 473 759 libere
498 719 670 757 transibit

132 771 327 822 Principes
343 771 550 813 Inferorum
563 799 572 809 .
598 772 669 809 Est

120 826 230 866 'enim
243 826 379 867 animae
394 825 587 872 timiditas,
603 826 668 863 illo

129 891 213 922 rum
234 879 387 921 malitiae
406 879 520 917 veluti
543 885 665 929 patro-

128 943 192 979 na,
213 931 244 970 82
264 932 443 970 adiutrix.

76 1013 190 1039 serm.
206 1002 271 1044 67.
289 1002 425 1038 colum.
446 1001 534 1038 889.
551 1000 598 1046 Ε,
613 1000 669 1038 ibi

133 1055 174 1090 in
194 1059 305 1092 textu
321 1069 333 1096 ,·
353 1054 525 1092 Peccatis
537 1067 584 1092 ex
599 1067 667 1095 ne-

133 1108 309 1146 cessitate
345 1108 566 1153 commissis,
598 1107 665 1146 &c.

131 1161 256 1199 scribe
266 1162 308 1197 in
320 1174 446 1211 mar-9.
468 1159 669 1199 Necessita

131 1221 208 1253 tem
225 1214 415 1264 intelligit,
427 1226 502 1251 non
515 1227 602 1262 quae
616 1216 667 1252 tol

130 1268 185 1306 lat
202 1268 361 1306 liberum
374 1268 581 1312 arbitriumg
601 1268 668 1305 sed

132 1323 367 1359 vehemetem
406 1321 639 1364 oceasionem
656 1350 666 1368 ,

133 1381 197 1412 aut
214 1375 438 1425 passionem.

77 1457 190 1483 serm.
205 1445 268 1482 70.
282 1445 349 1482 col.
366 1445 456 1482 891.
471 1444 523 1490 D,
541 1444 668 1483 Inscrz'

125 1499 215 1554 ptio
233 1511 317 1552 quae
338 1497 471 1542 habet,
488 1497 548 1535 De
567 1500 666 1536 fortu

75 1551 79 1555 ²
130 1564 178 1590 na
195 1551 302 1595 bona,
322 1552 358 1587 δι
382 1552 479 1588 mala
493 1579 502 1596 ,
533 1552 665 1590 delea-

130 1609 319 1720 glg'iebus
339 1658 526 1704 secundis,
547 1658 579 1694 &
598 1659 664 1697 ad-

129 1721 262 1749 uersis.

142 1790 221 1832 Hb.
234 1791 273 1832 2.
287 1789 410 1833 Serm.
427 1790 609 1830 Melissae.

76 1868 211 1907 Colum
232 1870 322 1908 897.
335 1869 431 1915 D‚2·n
446 1871 564 1910 titulo
584 1871 666 1920 Ope

129 1923 185 1960 ris
203 1922 287 1960 dele
307 1923 425 1960 verba
444 1924 534 1968 illa,
550 1924 666 1961 lofine

131 1974 276 2013 Ribitto
294 1975 512 2024 interprete,
529 1978 562 2028 ᾄ-
580 1989 666 2014 mox

132 2030 343 2079 affiyatur:
375 2027 489 2066 Haud
519 2031 666 2079 penitus

131 2080 320 2122 fidendum
341 2079 483 2125 Latinae
508 2094 555 2119 ex
575 2082 667 2121 Grae

69 2131 71 2133 ¹
130 2148 175 2172 co
201 2135 312 2172 huius
337 2134 491 2172 secundi
510 2135 573 2172 lib.
603 2137 666 2174 In-

131 2188 402 2240 terpretationi‚
462 2188 594 2241 nempe
637 2203 667 2241 qv

1138 250 1217 291 175

739 321 897 360 Ioannes
922 321 1090 359 Ribittus
1117 323 1278 360 recetior

737 375 940 413 haereticus
955 373 1026 412 illi⁹
1042 376 1093 412 sit
1110 375 1272 420 Auctor;

738 429 845 466 cuius
863 442 888 480 p
906 430 1048 466 urimos
1075 442 1150 466 non
1170 430 1276 467 seren

738 482 804 520 dos
831 483 865 520 la
891 495 955 520 sus
986 483 1025 520 in
1054 482 1276 533 interpreta-

736 538 838 573 tione
867 495 1060 574 fndicabiit
1082 537 1148 573 tibi
1168 535 1274 574 Lect-

738 590 890 628 Bittius
905 589 972 627 lib.
981 591 996 627 1
1005 588 1127 629 .·Sacr.
1137 589 1275 628 Obser.

737 644 910 682 Dueaeus
936 645 978 682 in
1003 643 1122 681 Notis
1146 672 1156 690 ,
1189 657 1275 695 quae

737 696 801 735 hic
818 698 873 735 ad
888 699 1015 748 finem
1039 698 1194 749 aliquot
1217 698 1275 735 Ca

731 752 862 801 pitum
871 756 1090 802 ponuntur,
1103 752 1136 803 §s
1152 752 1275 789 Posse

736 805 853 842 uinus
886 806 928 843 in
956 806 1192 855 Apparatus
1222 805 1276 842 Sa

736 870 832 896 cros·
853 859 954 896 Illos
969 859 1093 896 adito.

683 976 795 1001 serm.
813 966 848 1004 l.
862 966 995 1004 colum.
1007 964 1153 1010 900.A‚
1164 964 1220 1001 ibi
1234 965 1277 1001 z'n

739 1022 849 1054 teaetu
865 1047 876 1065 ,
904 1018 976 1055 Est
996 1026 1121 1056 autem
1141 1019 1181 1054 in
1202 1017 1278 1054 Dei

739 1083 866 1115 manu,
887 1071 998 1116 idest,
1012 1073 1094 1109 eius
1108 1072 1276 1121 potetiae,

738 1126 775 1161 δι
789 1124 1033 1174 prouidentiae
1046 1126 1196 1176 subijei:
1209 1124 1278 1161 sed

739 1179 819 1228 pios
836 1207 846 1225 ‚
875 1179 907 1215 δι
943 1179 1061 1216 iustos
1096 1178 1280 1229 peculiari

738 1231 847 1269 modo
873 1243 958 1269 esse
984 1233 1025 1268 in
1052 1245 1166 1270 manu
1185 1231 1275 1276 Dei,

738 1286 826 1334 quia
843 1286 924 1322 eius
943 1286 1052 1322 amici
1067 1315 1078 1332 ‚
1106 1286 1277 1336 singula-

738 1351 855 1388 remq3
884 1351 1010 1376 curam
1038 1351 1167 1376 eorum
1186 1351 1277 1376 exer

737 1398 798 1429 eet
810 1405 820 1429 z
834 1393 1042 1442 praesertim
1057 1393 1089 1429 si
1100 1393 1176 1430 sint
1188 1392 1209 1431 ὲ
1222 1406 1276 1429 nu

738 1458 839 1483 mero
857 1446 1070 1490 electorum,
1099 1459 1189 1495 quos
1208 1447 1276 1484 nul

736 1499 795 1536 lus
814 1500 933 1550 rapiet
950 1499 996 1537 de
1017 1512 1130 1536 manu
1151 1499 1241 1537 Dei.

241 1606 272 1657 ᾁ-
284 1604 363 1643 ista
383 1603 664 1653 substituatur,
682 1605 816 1643 colum.
835 1606 929 1644 903.
945 1605 993 1651 C,
1013 1606 1069 1644 ibi
1086 1608 1128 1644 in
1149 1611 1274 1653 textu,

736 1658 824 1696 Rex
842 1660 1057 1697 meminisse
1076 1659 1201 1706 debet,
1226 1661 1276 1698 ho

735 1724 797 1749 mo
815 1725 901 1749 cum
919 1713 982 1758 sit,
997 1725 1038 1750 se
1052 1719 1277 1762 potestatem

737 1769 785 1802 cti
798 1765 884 1802 Deo
915 1778 1040 1816 parem
1073 1764 1275 1817 accepisse,

735 1818 915 1856 Emenda
939 1819 981 1856 in
1008 1818 1110 1857 hunc
1135 1821 1248 1858 modii
1266 1851 1277 1866 ‚

734 1883 776 1908 se
799 1877 1022 1922 potestatem
1045 1873 1068 1910 ὲ
1089 1873 1173 1911 Deo
1199 1875 1275 1911 tale

736 1927 938 1976 accepisse.
954 1926 1011 1963 Et
1022 1933 1276 1978 expungatur

737 1983 830 2016 nota
873 1978 1007 2016 Graca
1050 1981 1245 2029 maryz'nis
1263 1994 1275 2018 .·

736 2030 879 2069 Eadem
906 2033 963 2070 col
990 2033 1064 2071 litt.
1089 2033 1133 2079 E,
1154 2033 1210 2070 ibi
1233 2035 1276 2071 in

738 2089 874 2124 teaetu:
905 2086 1006 2123 Non.
1033 2100 1071 2124 n.
1099 2087 1212 2126 habet
1235 2088 1277 2123 in

737 2139 845 2176 terris
869 2152 910 2177 se
939 2139 1139 2190 quidquem
1169 2140 1278 2176 excel

735 2192 840 2241 sius,
870 2192 993 2232 scribe
1014 2194 1053 2231 in
1074 2193 1276 2237 maraine:

1160 2245 1223 2283 In-
