1430 2534
266 221 321 262 220

235 289 577 341 sedqualissueric
590 292 764 342 Eua9ri⁹

234 341 350 380 habes
364 342 404 378 in
417 347 508 380 nota
521 348 655 380 nostra
667 345 721 381 ad
734 346 763 382 li

235 393 307 430 bra
323 393 491 444 Euaqrzjj
510 400 597 431 tom.
618 398 655 433 5.
679 395 762 435 ltus-³

470 219 730 267 Bibliotheca
745 222 885 265 Sancc.
907 225 1094 266 Puerum.

833 300 1026 344 excerptas
1071 294 1223 333 exibent
1271 296 1361 340 tibi,

838 345 974 384 Tomus
1015 347 1053 384 4.
1085 346 1117 382 δι
1147 349 1185 385 5.
1223 347 1355 385 Anna-

835 398 931 435 lium
948 396 1329 446 Ecclesiasticorum.

187 478 192 484 .
234 446 486 485 Bibliothecae
501 448 572 485 col.
594 449 708 486 1329.
732 453 763 488 C'
781 449 863 488 Col.
888 451 1003 488 1628.
1023 451 1070 496 Ε,
1090 452 1130 489 in
1154 458 1265 490 textu
1289 452 1358 497 ibi,

228 507 268 536 vt
281 500 367 536 hinc
380 512 509 536 cernas
522 501 696 539 haeretico
716 502 760 539 de

221 551 417 599 *haereticm
433 552 464 587 &
476 553 640 590 eiusdem
659 555 760 591 haere

227 604 280 640 sis
304 612 423 652 mysta
441 605 609 654 prodenti
627 610 760 655 quaena

229 657 278 693 sit
297 656 495 694 deferenda
515 657 604 695 fides
625 686 634 695 .

176 706 758 756 sectione103.colum.1625.E,

224 767 316 810 post
349 761 507 799 titulum
527 791 538 806 ‚
566 762 653 800 Vita
685 774 757 800 Ru-

229 814 295 851 fini
334 814 547 864 Presbyteri
569 843 579 859 ,
625 816 727 852 adde
746 845 756 860 ‚

227 865 412 904 Palladius
421 867 646 917 Origenista¹
658 867 758 906 &Ge

181 927 185 932 ’
225 919 372 964 nadius,
387 921 422 956 δι
436 919 636 957 Cassianus
650 919 757 958 Pela·

226 972 346 1020 gianis
365 972 534 1008 fauentes
553 973 677 1009 multis
695 973 756 1010 lau

811 507 816 511 '
833 502 907 540 Cui
933 503 1130 553 impedime
1146 518 1168 542 ο
1187 505 1259 541 fuit
1282 504 1357 542 Hie

831 567 1006 605 rouymus
1039 556 1186 605 quidem
1222 557 1360 595 Dalma

832 614 869 645 ta
904 607 970 646 διο.
1017 609 1195 647 adscribe
1235 622 1359 660 marg.

831 660 931 703 Quid
963 659 1091 699 furens
1120 661 1203 699 odio
1221 661 1358 712 Orige-

829 714 926 749 nista
948 711 1132 751 Palladius
1147 716 1185 751 in
1195 727 1228 752 s.
1244 714 1359 752 Hiero

828 777 982 814 nymum
998 794 1008 810 ,
1026 768 1062 802 δι
1083 779 1112 803 s.
1127 766 1283 804 Paulum
1301 769 1357 804 in-

828 817 1014 866 eptissime
1027 819 1169 868 garrit?
1189 818 1357 863 Quorum

827 871 1035 907 sanctitatis
1063 870 1168 908 tanto
1196 872 1326 909 clarior
1347 901 1357 916 ,

827 929 964 970 quanto
1000 922 1155 973 Palladij
1193 925 1357 974 nequitia

829 974 1079 1012 detestabilior
1099 1001 1109 1011 .

224 1024 332 1060 dibus
352 1023 530 1061 Rufinum
554 1024 755 1062 extulersit:
776 1024 959 1064 Columna
982 1028 1095 1066 1629.
1117 1026 1164 1072 E,
1190 1033 1280 1079 post
1296 1030 1354 1066 in-

224 1083 262 1113 at
275 1076 562 1126 s.Hier0nymus
579 1076 756 1114 Rufinum

223 1134 398 1177 tanquam
421 1129 626 1178 hereticum
646 1142 755 1180 perpe

222 1182 684 1228 tubinsectatusest‚cuius
698 1184 754 1220 iu·
776 1217 778 1219 ,

222 1233 359 1271 dicium
378 1246 463 1271 cum
488 1236 567 1285 ipsa
586 1234 755 1274 Romana

220 1285 391 1324 Ecclesia
402 1300 468 1324 nos
482 1288 592 1325 etiam
603 1288 752 1337 probare

219 1339 751 1390 parest3siceniminquits.Ge

221 1391 334 1428 Iasius
354 1391 503 1429 Primus
526 1393 563 1429 in
584 1392 752 1430 Romano

220 1442 387 1479 Concilio
407 1445 471 1480 70.
493 1445 718 1495 Episcoporfi
738 1458 747 1482 :

220 1494 296 1532 Sed
311 1496 480 1544 quoniam
497 1496 634 1533 Beatus
656 1497 749 1533 Hie-

217 1558 394 1597 ronymus
406 1549 445 1584 in
460 1548 639 1598 aliquibus
650 1548 748 1585 Ruffi

216 1612 307 1637 num
337 1600 382 1638 de
414 1601 550 1650 arbitrij
582 1601 748 1640 libertate

216 1653 362 1690 notauit
378 1653 440 1690 illa
458 1654 653 1699 sentimus,
665 1666 749 1703 quae

216 1704 379 1744 Beatum
392 1704 662 1755 Hieronymum
681 1719 748 1744 sen

827 1080 1074 1130 scriptionem
1112 1081 1225 1118 illam
1246 1110 1258 1127 ,
1293 1081 1355 1120 De

827 1130 982 1181 Virgine
997 1160 1008 1177 ,
1034 1146 1118 1182 quae
1137 1134 1284 1184 excepit
1302 1135 1355 1172 A-

826 1184 1037 1223 thanasium
1128 1184 1352 1236 Episcopum

825 1237 903 1274 ista
922 1237 1093 1287 adiunye
1106 1266 1116 1283 ,
1133 1237 1264 1275 Totam
1282 1239 1354 1277 hec

823 1291 1070 1327 narrationem
1115 1290 1161 1328 de
1196 1290 1353 1340 Virgine

823 1354 854 1379 s.
876 1342 1122 1380 Athanasium
1141 1355 1209 1391 sex
1236 1356 1354 1382 annos

821 1395 1029 1432 occultante
1046 1423 1056 1441 ,
1086 1395 1161 1433 fide
1190 1403 1318 1434 nutare
1341 1425 1352 1442 ,

821 1449 967 1496 magnis
1007 1447 1213 1485 ostenditur
1249 1450 1351 1487 Tom.

822 1500 858 1535 3.
897 1500 1044 1536 Annal.
1078 1498 1233 1538 Eccles.
1269 1501 1351 1537 An-

820 1562 868 1587 no
889 1549 1041 1589 Christi
1069 1552 1159 1589 356.
1178 1564 1264 1601 cap.
1285 1554 1349 1591 85.

820 1605 853 1654 ᾇ·
872 1614 978 1655 seqq.

918 1689 962 1727 In
982 1690 1202 1741 Sophronio.

174 1764 177 1767 '
217 1759 286 1795 tire
305 1752 574 1807 cognoscimus.
605 1757 656 1796 Et
674 1771 748 1796 non
766 1756 861 1806 Cap.
884 1758 973 1796 128.
999 1760 1135 1798 colum.
1155 1761 1271 1800 1700.
1301 1761 1348 1806 C,

213 1809 333 1847 solum
348 1811 393 1847 de
401 1810 548 1848 Ruffino
562 1823 572 1848 z
591 1809 656 1848 sed
671 1812 747 1848 etiz‘i

214 1861 260 1900 de
274 1864 454 1900 vniuersis
464 1891 474 1909 ‚
490 1875 579 1913 quos
592 1863 660 1900 viri
674 1875 745 1901 sae-

212 1915 296 1965 pius
315 1922 540 1952 memoratus
558 1917 637 1953 zelo
656 1914 743 1960 Dei,

212 1970 251 2004 &
266 1966 350 2003 fidei
363 1967 540 2016 religione
557 1968 741 2016 rephEdit.

208 2018 305 2056 Haec
342 2018 505 2056 Sanctus
539 2019 719 2056 Gelasius
733 2049 742 2064 ,

211 2070 350 2108 Ruffini
395 2084 453 2108 res
495 2071 741 2109 sincerissime

211 2136 258 2161 ex
311 2123 472 2175 probatis
519 2124 738 2163 Auctoribus

817 1810 874 1847 ibi
893 1811 932 1847 in
953 1816 1077 1857 textu,
1091 1812 1236 1851 Rursus
1249 1814 1349 1852 idem

816 1862 941 1901 Abbss
975 1864 1216 1911 Athanasius,
1255 1866 1321 1905 διο.

816 1915 938 1954 scribe
974 1917 1014 1953 in
1048 1912 1248 1968 r'narqine,
1273 1918 1349 1956 'ro-

814 1980 875 2005 mo
907 1970 946 2006 5.
977 1969 1179 2008 Annalium
1215 1970 1347 2009 Eccle-

813 2021 1043 2058 siasticorum
1081 2022 1192 2061 Anno
1234 2022 1346 2060 Domi

811 2074 850 2110 ni
879 2074 972 2111 407.
997 2086 1078 2123 cap.
1106 2076 1169 2112 32.
1193 2086 1342 2113 reuoca-

812 2131 871 2163 tur
904 2126 942 2163 in
973 2126 1124 2165 dubium
1154 2132 1232 2166 tota
1262 2126 1344 2165 haee

1249 2191 1289 2217 re
