1430 2534
154 298 300 336 Indicis
331 300 543 338 Auctorum
574 313 668 350 paq.
697 301 729 338 1.

208 351 263 388 lin
274 351 337 389 27.
352 352 408 396 D,
426 351 581 401 Liberzj
595 355 731 396 Poetae,

205 403 301 449 dele,
316 401 431 449 Dzuz',
449 404 500 440 lin
518 405 582 441 28.
600 404 636 442 D
652 404 734 441 Beli

204 457 290 506 sal-ij
321 463 439 505 poetae
454 484 463 498 ‚
493 457 576 493 dele
609 456 706 494 Diui
724 486 733 501 ,

203 509 258 545 lin
278 509 345 551 29.
368 509 418 546 D.
440 508 619 558 Honorij;
649 509 734 546 dele

209 560 320 605 Diui,
334 562 397 598 vel
407 562 582 610 expresse}
597 561 732 605 scribe,

207 612 361 651 Domini
393 613 564 663 Honorij,
593 624 674 663 pag.
696 615 733 650 2.

160 710 166 712 ,
209 667 276 703 lin.
294 667 353 704 12.
369 665 545 703 D.Marci
561 666 736 715 Episcopi

207 718 471 763 ldrumis,dele
487 718 735 762 Diui‚1in.l9.

209 771 261 809 D.
281 770 456 819 Venantij
472 799 481 814 ‚
509 770 593 807 dele
614 770 709 807 Diui
726 798 735 812 ‚

206 825 274 860 lin.
288 824 352 859 22.
368 822 420 860 D.
436 823 640 872 Dracontij,
653 823 737 859 dele

210 876 309 914 Diui
325 875 412 920 ,lin.
430 876 492 912 34.
508 875 558 912 D.
570 874 737 912 Theodul

208 928 297 978 phi,
329 927 413 965 dele
428 926 539 965 Diui.

218 1011 261 1048 In
281 1011 473 1061 Sybillinis
492 1009 676 1048 Oraculis.

160 1085 267 1135 Paq.
297 1086 331 1123 1.
348 1090 438 1134 post
462 1083 588 1123 omnia
616 1083 742 1121 Aucto

210 1148 295 1175 rum
330 1138 458 1187 eloyia
493 1137 539 1174 de
579 1135 743 1184 Sybilles

211 1191 382 1239 adiunge
409 1189 576 1228 scholion
602 1188 712 1225 istud
732 1218 742 1234 ,

209 1242 624 1280 Tametsicertissimum
633 1241 682 1278 sit
689 1252 744 1277 re-

167 1343 170 1347 ,
213 1296 326 1345 periri
343 1293 656 1332 innumeraPatru
670 1293 742 1330 elo·

214 1349 276 1395 gia
291 1347 336 1384 de
355 1347 508 1396 sibyllis
527 1359 589 1383 eas
609 1345 744 1394 tanqua

215 1399 291 1436 Dei
307 1399 565 1448 prophetissas
581 1397 626 1434 ad
640 1395 743 1434 Gen·

216 1459 272 1488 tes
291 1451 582 1500 praedicantium:
602 1448 745 1486 Oracu-

215 1504 287 1551 laq:
306 1502 489 1551 Sibyllina
512 1513 644 1550 magno
667 1502 746 1537 vsui

217 1554 333 1592 fuisse
349 1553 571 1592 Christianis
582 1553 687 1590 initio
698 1566 748 1590 na

217 1604 748 1651 scentisEcclesiae‚adstabilio}

220 1660 269 1696 da
286 1659 370 1696 fidei
387 1659 560 1707 dogmata
578 1685 588 1702 ,
611 1658 647 1694 &
667 1669 748 1706 pro·-

220 1713 363 1761 phanas
378 1711 571 1760 gentilium
590 1709 750 1761 supersti

222 1765 341 1801 tiones
356 1762 610 1801 reuincendas:
625 1762 670 1798 ob
680 1762 753 1810 qua

224 1829 371 1852 causam
391 1817 550 1865 gentiles
569 1813 752 1851 Christia-

226 1880 293 1904 nos
307 1868 518 1916 Sibyllistas
537 1866 753 1915 appellabat,

226 1920 284 1957 vti
310 1919 444 1956 scribit
475 1919 660 1967 Oriyeues
686 1917 753 1954 lib.

229 1974 266 2008 5.
296 1974 433 2008 'contra
465 1970 614 2007 Celsum
638 1983 648 2006 .·
678 1983 756 2020 qua

230 2025 278 2060 cle
330 2036 371 2059 re
424 2024 509 2060 vide
553 2035 638 2058 cum
669 2023 756 2071 pri-

231 2077 302 2113 mis
374 2075 617 2124 Apparalum
705 2075 758 2109 ad

233 2128 405 2165 Annales
450 2126 757 2170 Ecclesiasticus,

461 228 722 272 Bibliotheca
738 242 793 270 ss.
815 229 1003 270 Puerum.

802 306 839 336 at
857 298 1024 347 diligenti
1041 296 1266 335 eruditorum
1292 295 1329 331 iu

801 351 898 388 dicio
909 350 1178 400 deprehensum
1189 354 1248 386 est
1262 375 1272 392 ‚
1291 348 1330 383 iu

803 404 862 441 his
875 409 957 440 octo
971 402 1237 451 Sibyllinorum
1255 399 1332 437 Ora
1398 428 1401 430 .

803 457 967 494 culorum
980 455 1082 491 libris
1093 481 1102 498 ,
1118 453 1234 491 multa
1244 464 1332 489 con-

805 509 914 546 tineri
932 507 1024 544 falsi]
1035 507 1102 543 sub
1115 505 1269 554 Sybillae
1285 516 1333 541 no

805 561 1051 598 mineinserta
1061 586 1070 603 ,
1086 571 1154 595 nec
1162 569 1244 594 esse
1252 569 1333 594 om-

805 614 868 650 nia
876 613 1098 661 Sybillarum
1109 610 1305 659 genuina‚a
1313 621 1333 645 c

805 677 984 715 germana
1001 664 1166 701 carmina
1185 687 1196 698 .
1227 660 1278 698 Et
1295 668 1334 698 vt

806 718 877 756 alia
893 717 1040 753 interim
1058 722 1277 764 argumenta
1292 725 1333 750 0-

807 770 1020 812 mittamus3
1040 768 1199 817 primum
1218 766 1335 803 multa

807 823 935 859 insunt
949 820 1036 858 huic
1051 819 1152 870 operi
1167 847 1179 864 ‚
1191 818 1332 866 quaeAu

807 881 945 911 ctorem
963 872 1128 910 indicent
1145 878 1226 920 post
1243 869 1336 907 Chri

808 933 908 963 stum
922 932 1049 962 natum
1062 924 1210 960 vixisse:
1225 922 1336 959 atPa-

810 985 886 1015 tres
919 977 1070 1026 sybillas
1101 982 1197 1013 ante
1212 982 1337 1012 ,ortum

812 1029 955 1067 Christi
994 1029 1214 1066 vaticinatas
1254 1039 1338 1076 pro-

812 1083 907 1120 dunt
926 1110 936 1127 ,
968 1080 1100 1118 deinde
1119 1093 1137 1117 s
1153 1079 1339 1128 Hierony-

814 1147 896 1172 mus
910 1162 920 1179 ,
933 1133 965 1169 &
979 1134 1040 1182 alij
1051 1132 1178 1169 Patres
1191 1130 1341 1168 tradunt

813 1186 963 1237 sybillas
997 1185 1110 1222 fuisse
1147 1185 1310 1232 virgines
1331 1210 1341 1225 ‚

814 1243 852 1277 ὃς
881 1240 919 1276 in
945 1238 1135 1288 praemium
1153 1236 1340 1284 virginita-

814 1293 862 1328 tis
870 1291 1052 1340 accepisse
1063 1289 1342 1328 diuinationem.

814 1343 867 1380 ad
877 1342 940 1380 hic
952 1342 1015 1379 lib.
1029 1342 1064 1378 7.
1077 1340 1210 1378 colum.
1223 1340 1342 1379 51.AE

814 1394 956 1444 Sybilla
970 1393 1108 1430 fatetur
1124 1404 1164 1428 se
1182 1397 1343 1429 scortum

816 1448 866 1483 im
895 1445 1174 1483 udentissimutn
1205 1443 1320 1481 fuisse
1336 1470 1346 1485 ,

815 1499 902 1535 vide
970 1497 1218 1546 Apparatum
1282 1507 1345 1531 sa-

816 1562 923 1587 crum
942 1546 1150 1585 Posseuini
1169 1574 1180 1591 ,
1206 1546 1348 1590 Quocir

817 1614 860 1639 ca
877 1614 919 1638 ea
934 1607 1077 1637 tautum
1088 1599 1234 1636 oracula
1251 1599 1347 1647 sybil

817 1654 894 1691 lina
906 1653 944 1690 in
956 1652 1014 1688 his
1028 1652 1129 1689 libris
1148 1650 1346 1700 descripta,

819 1718 890 1755 que
909 1705 1048 1752 antiqui
1061 1703 1216 1740 alicuius
1228 1701 1349 1740 Patris

822 1757 1072 1795 testimonium
1088 1756 1221 1792 habent
1231 1783 1242 1799 ‚
1255 1755 1347 1792 reci-

822 1810 954 1861 pienda
965 1807 1291 1856 ducimus‚reliqua
1310 1807 1349 1843 in

824 1863 1030 1905 dubiorum,
1049 1860 1081 1896 &
1099 1859 1350 1910 apocryphum

824 1915 978 1953 classem
988 1913 1186 1962 reijcienda
1194 1911 1351 1955 videtur,

826 1979 896 2004 nec
910 1979 973 2016 pro
985 1964 1110 2009 certis,
1125 1963 1157 2000 &
1168 1963 1351 2001 indubita-

828 2020 873 2057 tis
891 2019 1034 2067 sibyllae
1057 2017 1260 2065 cuiuspiam
1281 2015 1354 2051 vati

827 2073 936 2120 cinijs
949 2069 1140 2119 capienda,
1152 2068 1225 2105 imi)
1233 2067 1354 2103 studio

830 2125 984 2161 alicuius
1002 2121 1182 2172 peritioris
1194 2118 1351 2156 viriora-

1030 2188 1035 2193 ·
1223 2171 1305 2208 cula
