1430 2534
411 249 650 292 Biblioteca
671 248 718 290 S.
736 247 929 290 Patrum.

116 321 654 372 dium‚Euagrium,cassianfi,

117 376 394 416 Theodoretum
407 405 418 421 ,
464 375 655 425 cyrillum,

121 430 366 475 Monachum,
397 430 430 467 δι
458 429 550 467 alios
571 441 658 477 seru

118 485 147 525 li
166 485 278 525 huius
291 484 492 534 scriptores
505 481 660 531 freques

124 539 265 580 mentio
281 539 332 576 sit
343 537 390 574 de
406 536 607 574 Monachis
621 537 660 572 in

125 592 319 630 palestina
328 590 660 641 degentibus‚nus-

1128 248 1213 289 255

729 327 816 357 tana
834 318 980 355 videtur
1010 319 1172 355 tribuere
1197 318 1268 354 hoc

730 373 838 424 Opus
860 372 966 410 lof'mi
993 372 1046 408 illi
1069 371 1270 420 Hierosoly

730 431 839 465 morfi
853 426 1052 477 Episcopo,
1070 427 1148 476 que
1163 437 1274 475 prece

732 488 876 532 ptorem
891 493 1003 518 suum
1015 485 1124 516 vocat
1142 479 1274 515 sectus

733 535 868 573 lofines
877 534 1063 572 Damasce
1069 545 1139 570 nus
1150 532 1190 569 in
1203 531 1276 582 Epi

733 589 828 627 stola
841 588 887 625 de
902 588 1089 637 Trisagio.

125 658 235 695 quam
257 645 408 696 penitus
421 643 520 694 apud
533 656 598 682 eos
616 643 662 681 de
683 645 728 683 In
747 642 1057 692 Clironographia
1080 640 1202 677 sancti
1222 639 1276 676 Ni

129 699 334 738 Monachis
361 699 562 736 carmelitis
590 697 663 734 Fa—

129 759 251 792 cessat
269 753 384 802 igitur
402 751 585 789 eiusmodi
618 751 664 788 de

132 806 396 844 Monaehismo
446 805 571 855 cyrilli
626 806 666 841 in

133 861 293 898 carmelo
311 859 449 897 fabella
462 872 472 896 :
492 859 592 896 sicut
605 859 669 895 illa

132 914 223 951 huic
236 914 336 952 haud
355 914 490 963 impar,
505 925 577 961 qua
593 918 668 949 tra-

135 967 236 1005 ditur
251 995 262 1012 ,
286 966 319 1002 &
338 966 498 1003 Ioannes
512 965 672 1002 Hieroso

135 1021 343 1070 lymitanus
370 1019 579 1069 Episcopus
603 1018 674 1055 Ori

139 1074 300 1125 genista,
317 1072 435 1113 fuisse
463 1073 575 1109 etiam
595 1085 674 1109 mo-

139 1125 504 1166 naehuscarmelita:
519 1126 674 1162 sicut.n.

143 1182 226 1219 haec
256 1180 391 1218 leuiter
421 1179 650 1229 effinguntur
667 1208 677 1226 ‚

143 1235 197 1273 ita
219 1237 258 1273 ὣ
291 1233 400 1274 facile
430 1232 654 1271 refelluntur
670 1261 680 1277 ‚
707 1255 711 1260 -

143 1288 349 1327 Hactenus
369 1287 581 1333 Barouius,
620 1286 683 1323 Ex

146 1343 295 1391 quibus,
318 1341 350 1378 δε
369 1341 512 1378 Auctor
525 1341 638 1378 huius
658 1340 685 1376 li

149 1396 208 1434 bri
217 1395 334 1432 fuisse
350 1394 510 1432 Ioannes
523 1395 591 1432 44.
609 1394 684 1431 Hie

150 1450 419 1499 msolymorum
480 1447 687 1499 Episcopus

151 1502 264 1541 facil&
282 1502 478 1548 refellitur,
499 1501 636 1540 &liber
651 1502 688 1551 ip

152 1569 195 1595 se
216 1556 288 1594 fide
305 1556 478 1594 vacillare
499 1555 690 1606 deprehen

736 697 891 747 cephori
905 698 1125 734 recesentur
1138 693 1278 744 Episco

735 751 776 801 pi
802 749 1137 798 Hierosolymitani
1167 748 1277 785 loan-

737 816 806 841 nes
819 805 887 841 52.
902 803 934 839 δι
946 803 1106 840 Ioannes
1119 802 1278 839 57.ante

738 857 884 896 cladem
935 855 1282 906 Hierosolymitam’i

738 925 806 962 per
823 923 1021 949 saracenos
1042 938 1051 948 .
1123 909 1284 947 loannes

742 978 888 1014 quoqne
935 964 1284 1013 Hierosolymorum

746 1018 955 1068 Episcopus
965 1019 1079 1057 vitam
1091 1017 1212 1053 sancti
1222 1015 1285 1052 Da

747 1083 915 1109 masceni
938 1070 1159 1119 conscripsit
1172 1098 1183 1114 ‚
1199 1081 1286 1118 quae

747 1131 867 1163 extat.
897 1124 984 1162 Vtri
1006 1131 1131 1162 autem
1154 1124 1288 1160 horum

750 1178 944 1216 tribuEdus
958 1178 1008 1215 sit
1018 1178 1112 1215 liber
1124 1178 1209 1222 iste,
1220 1189 1289 1213 ne-

751 1233 892 1270 scimus
906 1261 916 1270 .
973 1231 1102 1282 Magis
1114 1237 1290 1281 putamus

753 1299 836 1324 esse
850 1286 959 1337 Opus
970 1286 1132 1324 auctoris
1145 1284 1267 1322 Latini
1281 1312 1291 1329 ‚

755 1341 787 1378 &
801 1341 1035 1385 recentioris,
1051 1352 1122 1377 nec
1135 1351 1220 1376 esse
1243 1351 1294 1375 ex

755 1395 859 1432 omni
870 1403 972 1445 parte
984 1395 1156 1441 sincerae,
1169 1391 1202 1428 δι
1214 1393 1294 1430 inte

759 1462 839 1500 grae
858 1448 955 1486 fidei.

783 1529 830 1571 In
849 1528 1037 1581 Gregorio
1051 1527 1220 1567 Palama.

148 1610 370 1656 ditur‚,cum
381 1610 498 1647 multa
510 1609 557 1647 de
573 1608 691 1647 Mona
707 1606 895 1645 Columna
911 1605 1015 1643 1309
1030 1604 1078 1651 Β,
1097 1605 1139 1642 in
1157 1603 1300 1641 inscri-

155 1665 239 1703 chiz
257 1663 474 1702 Cnrmelitis
491 1664 622 1714 primis
634 1662 691 1700 Ec

155 1718 284 1756 clesiae
291 1718 483 1768 teporibus
494 1718 568 1755 iam
578 1718 694 1767 vigen

158 1773 260 1811 tibus
270 1771 417 1822 prodat.
447 1770 621 1820 Denique
633 1777 695 1819 sty

156 1826 218 1863 lus
230 1827 310 1876 ipse
320 1824 695 1868 totusIminus‚mul-

162 1885 201 1916 ta
217 1880 298 1916 sine
317 1879 500 1916 maiorum
516 1877 699 1915 auctorita

163 1939 203 1969 te
214 1959 228 1976 ‚
256 1931 290 1968 δι
316 1931 388 1969 fide
417 1931 594 1980 ambigua
610 1931 701 1967 huic

167 1983 286 2035 Operi
303 1986 553 2029 inserta,satis
563 1989 703 2033 argunt

167 2039 283 2075 alium
317 2038 522 2075 Auctorem
539 2067 549 2083 ,
589 2036 704 2087 quem

172 2091 366 2138 Ioannem,
387 2091 419 2127 ἃ
432 2091 583 2141 quidem
594 2103 707 2129 recen

173 2147 321 2183 tiore-m.
625 2144 629 2148 ’

118 2196 255 2237 Petrus
268 2199 406 2237 Lucius
416 2172 534 2254 Belga
546 2197 711 2237 Carmeli

174 2261 213 2291 ta
232 2254 271 2290 in
295 2252 532 2291 Bibliotheca
549 2251 713 2290 Carmeli

758 1661 896 1711 ptione
921 1658 1061 1708 Operis
1079 1686 1090 1703 ,
1117 1656 1203 1695 dele
1223 1656 1300 1693 illa

765 1713 884 1751 verba
902 1740 912 1756 ,
958 1711 1214 1756 Sanctissimi‚
1257 1721 1302 1746 ac

766 1765 1048 1817 sapientissimi,
1081 1765 1114 1815 ᾇ·
1128 1763 1303 1814 postin-

769 1820 1020 1870 scriptionem
1039 1829 1186 1869 appone
1207 1818 1305 1862 ista,

771 1873 848 1910 Hic
862 1881 919 1911 est
932 1873 1069 1923 impius
1082 1872 1199 1917 ille,&
1206 1870 1310 1908 achis

771 1929 933 1965 maticus
964 1926 1174 1976 Gregorius
1198 1924 1311 1963 Pala-

773 1994 853 2019 mas
861 1978 1314 2031 Episcopiffl'essalonice

773 2036 826 2073 sis
839 2034 1023 2074 Romanae
1035 2034 1219 2072 Ecclesiae
1231 2043 1314 2083 per-

775 2089 911 2127 duellis
927 2118 938 2134 ,
957 2089 1003 2126 de
1022 2101 1097 2138 quo
1115 2089 1243 2137 accipe
1257 2085 1317 2121 di-

778 2156 896 2194 gnum
924 2143 1090 2193 elogium
1105 2170 1114 2186 ‚
1147 2139 1245 2190 quod
1263 2138 1320 2174 vir

781 2197 897 2235 disert
913 2198 1052 2234 ssimus
1098 2192 1320 2232 Gennadius

785 2251 991 2289 scholarius
1023 2249 1232 2300 Episcopus
1264 2243 1321 2281 Οό

1133 2304 1264 2338 stanti-
