1430 2534
468 256 642 300 Bibliot.
667 257 743 300 SS.
771 255 964 298 Patriam.

174 339 229 367 no*
241 329 404 367 iuuante
420 331 640 379 perduxit:
670 336 710 368 vt
732 341 734 343 ’

173 383 243 434 qui
261 387 353 420 ante
361 383 456 432 fuit
476 384 517 420 in
529 383 710 434 obsequio

172 442 349 497 suscepto
375 442 547 486 yratus,
570 444 711 487 postea

172 487 299 539 ipsius
346 489 516 541 Imperio
564 492 711 541 copiose

173 543 435 580 amicissimus
487 551 710 595 appareret,

174 594 372 634 Hactenus
466 597 710 636 Cassiodorus

174 647 397 687 Marcellino
417 650 578 689 Coaeuus
593 680 602 690 .
633 651 709 690 Por

173 701 216 739 τὸ
243 715 384 741 errores
415 705 555 754 aliquot
588 705 707 743 histo-

173 755 260 804 rie,
295 757 359 806 qui
407 758 447 794 in
492 758 708 796 Marcellini

156 808 389 848 >Chronicon
418 812 648 861 irrepserint,
669 814 707 849 iu

171 861 379 909 Annalibus
433 863 711 903 Ecclesiasticis

171 916 422 966 corriguntur.

120 1020 165 1058 In
182 1033 213 1060 s.
233 1021 368 1060 Odone
388 1021 532 1059 Abbate
552 1022 647 1060 Clu-

323 1076 504 1113 niacensi.

119 1179 267 1219 Colum.
289 1182 402 1220 1975.
418 1180 464 1227 B,
480 1184 571 1230 post
587 1192 708 1218 inseri

170 1235 334 1285 ptionem
367 1235 502 1286 Operis
525 1233 708 1278 adscribe,

171 1285 257 1324 odo
288 1287 361 1324 iste
397 1286 584 1324 secundus
614 1285 706 1323 Clu-

171 1341 355 1376 macensis
382 1340 508 1378 Abbas
549 1340 708 1376 sanctita

172 1392 220 1428 tis
244 1395 327 1429 noio
354 1393 513 1443 insignis
534 1392 706 1430 Romano

172 1443 440 1496 Martyrologio
504 1445 705 1495 inscriptus

171 1497 330 1535 habetur
358 1499 418 1536 18.
447 1499 673 1537 Nouembris
694 1527 704 1542 ‚

171 1550 235 1588 De
249 1564 324 1602 quo
332 1551 453 1601 plura
467 1558 565 1591 notoe
576 1552 704 1590 Baro-

169 1603 230 1653 ni]
260 1605 417 1651 ibidem,
448 1604 704 1657 &Arnaldus

179 1657 344 1695 Vvionus
373 1659 414 1695 in
450 1659 558 1710 li9no
588 1660 703 1704 vitoe,

171 1709 297 1748 Huius
326 1724 472 1761 quoque
500 1719 601 1757 sunt,
621 1725 706 1761 quae

169 1762 231 1800 hic
259 1765 478 1814 praecedunt
499 1765 704 1815 Opuscula,

169 1816 258 1853 vide
289 1818 411 1854 etiam
438 1830 593 1855 sacrum
625 1817 704 1866 Ap-

164 1873 317 1917 parata
342 1871 564 1915 Posseuini,
592 1869 703 1913 Quod

169 1921 264 1958 verb*
285 1923 421 1959 attinet
442 1923 487 1959 ad
516 1924 591 1959 huc
619 1923 706 1959 libel

169 1973 246 2010 lum
269 2003 278 2018 ,
309 1987 382 2023 quo
411 1975 498 2012 Odo
533 1982 707 2013 sanctum

170 2025 382 2064 Mai-tinum
411 2040 537 2077 parem
568 2027 708 2078 Aposto

1182 247 1267 298 223

781 325 1066 378 amplificatione
1126 326 1319 377 accipie‘Sda

778 388 896 419 sunt:
925 381 1061 430 alioqui
1091 382 1233 417 scimus
1269 393 1318 417 ex

777 435 982 484 Theologia
1031 435 1121 471 alios
1171 441 1318 471 sanctos

777 496 915 539 praeter
933 487 1143 534 Christum,
1173 487 1204 522 &
1224 487 1317 524 Dei-

777 556 906 593 param
925 542 1016 593 (nisi
1036 542 1200 592 Sp6sum
1222 541 1315 577 Dei-

777 609 879 647 pagae
897 595 1111 646 Ioseplium,
1129 595 1315 644 Baptista,

778 649 1012 700 Stephanum
1059 650 1318 699 prothomarty

775 716 855 741 rem
885 704 977 741 velis
1006 702 1186 753 adijcere)
1218 701 1319 751 Apo-

776 756 880 794 stolis
908 757 947 794 in
974 758 1104 806 gratia,
1136 755 1168 791 δε
1197 755 1319 804 gloria

777 823 858 848 esse
894 810 1104 847 inferiores.
1135 811 1175 846 S.
1219 808 1318 845 ΤΙιο-

777 863 917 902 masin
936 863 1170 912 LEPhesior
1185 861 1315 899 lect.3.

777 929 968 966 exponens
988 917 1091 954 illud
1105 915 1237 960 Pauli,
1256 927 1317 951 se-

778 971 944 1007 cundum
989 970 1141 1007 diuitias
1187 969 1318 1017 gratiae

777 1024 871 1067 eius,
896 1036 980 1072 quae
1001 1021 1319 1072 superabundauit

778 1076 817 1111 in
842 1076 948 1113 nobis
965 1104 975 1120 ,
1000 1076 1060 1111 ita
1083 1074 1235 1120 scribit,
1265 1087 1314 1110 ex

777 1141 850 1178 quo
882 1135 1034 1179 apparet
1057 1128 1246 1165 temeritas
1270 1128 1315 1164 ila

777 1182 896 1219 lorum
915 1185 970 1231 (vt
990 1182 1164 1219 nondicii
1181 1182 1314 1227 erton)

777 1236 840 1284 qui
876 1236 1018 1284 aliquos
1049 1241 1198 1272 sanctos
1228 1242 1314 1283 preg-

777 1295 933 1326 snmunt
974 1292 1190 1338 vcomparare
1231 1286 1314 1336 Apo

776 1342 880 1379 stolis
903 1343 941 1378 in
963 1343 1092 1391 gratia,
1122 1344 1157 1378 &
1183 1341 1311 1390 gloria.

777 1394 983 1432 Manifeste
1010 1396 1111 1431 enim
1136 1400 1239 1445 putet
1263 1406 1313 1430 ex

774 1449 897 1486 verbis
928 1449 1022 1494 istis,
1050 1448 1148 1497 quod
1171 1447 1315 1497 Aposto

771 1501 799 1538 li
817 1502 955 1539 habent
979 1503 1139 1552 gratiam
1159 1502 1314 1545 maiore,

773 1553 885 1605 quitm
927 1556 1038 1604 aliqui
1077 1555 1137 1605 alij
1180 1554 1315 1592 Sancti

772 1616 855 1658 post
873 1608 1070 1646 Christum
1088 1637 1098 1653 ,
1131 1610 1163 1646 δι
1183 1607 1312 1655 Virgi-

772 1673 859 1698 nem
881 1661 1056 1706 Matrem,
1072 1662 1102 1707 ᾇ
1117 1665 1208 1710 post
1227 1659 1315 1696 alia

773 1714 909 1751 subdit
929 1741 939 1758 ,
969 1713 1227 1750 Temerarium
1253 1718 1312 1749 est

773 1779 865 1816 ergo
888 1767 1049 1816 aliquem
1075 1770 1210 1804 sanctii
1229 1765 1311 1814 Apo

773 1820 878 1856 stolis
922 1831 1137 1870 comparare
1157 1847 1166 1856 .
1218 1820 1312 1858 Haec

774 1877 932 1911 sanctus
951 1871 1130 1911 Thomas.

854 1978 1007 2027 Tomo
1032 1977 1179 2026 VIII.

169 2078 216 2115 lis
236 2079 339 2125 facit,
352 2093 396 2118 ea
413 2082 551 2127 omnia,
566 2094 650 2130 quae
669 2083 706 2119 in
724 2082 772 2119 In
810 2084 942 2132 prima
984 2082 1123 2131 Operis
1174 2079 1314 2117 inscri-

171 2144 282 2170 causa
301 2133 372 2171 ista
401 2133 548 2171 disserit
569 2163 578 2179 ‚
607 2133 627 2171 ὲ
647 2137 708 2185 pia

170 2185 327 2234 quadam
383 2187 571 2238 hiperbole
608 2216 619 2235 ,
671 2188 708 2226 ὃτ-

771 2138 907 2186 ptione
933 2135 1038 2172 linea
1068 2137 1104 2172 3.
1120 2147 1195 2183 pro
1214 2134 1316 2170 San-

778 2194 889 2228 εἱσι-ἄ
904 2218 914 2236 ,
947 2189 1134 2235 rescribe,
1173 2189 1320 2274 velaeerft.

1225 2253 1268 2276 n-
