1430 2528
225 536 397 575 columna
414 538 506 574 443.

277 258 335 298 90

275 327 499 377 Regi-editor
515 329 559 368 ad
573 341 618 367 ea
631 358 642 375 ,
660 342 742 378 quae
753 343 801 368 no

280 382 439 418 tanimus
459 382 564 422 initio
588 383 718 420 harum
734 383 799 420 bo-

277 434 459 470 miliarum
475 460 486 470 .

306 485 349 522 In
363 484 404 522 S.
421 485 594 522 Simeone
606 484 753 534 stylita.

548 541 638 586 post
663 537 802 575 inscri-

271 588 442 639 ptionem
486 588 623 638 Operis
667 589 768 626 adde
791 618 800 635 ‚

277 641 382 679 Duos
390 640 505 678 fuisse
513 641 704 679 simeones
715 641 801 690 Sty-

277 692 360 730 litas
373 694 579 732 sanctitatis
598 693 706 729 laude
723 693 803 729 cele

279 745 376 787 bres,
387 745 544 782 alterum
555 746 736 782 seniorem
744 746 805 793 qui

281 804 443 846 tempore
460 796 655 848 Theodosij
667 796 804 847 junio-

279 850 330 887 ris
348 849 441 885 vixit
461 875 471 892 ,
507 851 613 885 cuius
640 849 809 888 meminit

279 900 807 950 EuagriuslibI-Hist.cap.13.

284 954 346 990 14.
359 952 729 997 Alterumiuniorem,
746 953 807 999 qui

279 1005 348 1042 sub
379 1004 584 1041 Iustiniano
612 1004 706 1040 vixit
725 1031 735 1048 ‚
762 1003 808 1039 de

280 1069 352 1104 quo
389 1056 487 1094 idem
518 1055 704 1106 Euagrius
732 1057 809 1104 agit

279 1109 341 1145 lib.
361 1108 400 1145 6.
426 1108 600 1145 Historiae
617 1108 726 1156 capit.
740 1109 806 1144 22.

281 1170 357 1198 tam
369 1160 478 1197 claris
490 1173 578 1208 argu
584 1161 693 1197 metis
699 1166 806 1196 osten

280 1212 381 1250 ditur
398 1213 437 1248 in
452 1211 560 1248 Notis
574 1211 620 1248 ad
636 1211 805 1249 Romanu

281 1263 591 1313 Martyrologium
610 1265 646 1300 5.
673 1262 803 1301 Ianua-

276 1316 320 1364 rij
338 1343 349 1360 ,
366 1317 453 1353 &in
469 1315 680 1353 Annalibus
694 1313 805 1351 Eccle

570 257 742 300 Bibliot.
756 259 835 303 SS.
852 262 1042 303 Parrum.

871 335 906 370 &
926 333 1101 382 deinceps
1118 334 1156 371 in
1175 334 1256 387 alijs
1275 335 1392 375 titulis

866 386 1085 434 paginarum
1103 385 1236 436 Operis
1256 399 1392 426 nomen

870 436 1213 486 Diui,praepositum
1224 439 1394 489 Drogoni

867 486 1002 534 delea'i,
1022 490 1077 526 vel
1096 490 1184 527 illud
1206 491 1393 541 D.expres

868 542 939 579 sim
965 542 1142 579 scribatur
1161 542 1338 589 Domini,
1354 546 1391 581 δι

872 603 954 643 post
984 593 1147 643 inscript.
1175 594 1210 632 O
1234 596 1272 641 ,is
1289 595 1394 641 adde,

873 646 920 681 de
969 647 1147 695 Droyone
1184 659 1212 696 p
1232 660 1304 685 ura
1347 661 1394 685 ει

872 698 1019 735 idoneis
1046 697 1298 747 scriptoribus
1327 698 1392 748 af-

862 749 1009 798 ferunt
1029 755 1119 797 post
1137 749 1236 788 alios
1258 751 1396 789 Posse·

873 802 987 838 uinus
1032 800 1071 837 in
1104 802 1312 851 Apparalu
1339 815 1399 840 sa·

873 865 952 898 cro,
976 851 1009 900 ‹S-
1043 852 1267 902 Alplionsus
1301 854 1397 891 Ciac

877 916 992 942 conus
1023 904 1070 940 de
1108 905 1206 942 Vitis
1234 907 1397 956 Pontifi-

875 969 960 994 cum
995 956 1036 991 in
1075 954 1296 995 Innocentio
1326 958 1394 996 II.

874 1009 987 1045 aiunt
1005 1007 1117 1044 claru
1145 1019 1210 1049 sse·
1232 1015 1396 1061 tempore

877 1059 926 1097 Β.
946 1057 1148 1096 Bernardi
1162 1085 1173 1095 .

865 1189 908 1226 In
921 1187 964 1226 S.
980 1187 1102 1236 Eligio
1113 1188 1355 1227 Nonio-nansi

1018 1238 1213 1291 Episcopo.

279 1368 439 1404 siasticis
455 1395 464 1412 ‚
482 1374 522 1404 vt
541 1367 683 1404 fatuum
694 1367 804 1405 nimis
819 1361 994 1398 columna
1022 1361 1115 1398 475.
1143 1364 1229 1409 post
1255 1360 1394 1398 inscri-

281 1418 397 1455 fuerit
415 1419 505 1455 velle
521 1421 560 1455 in
577 1418 729 1454 dubium
749 1431 805 1454 re-

282 1483 432 1508 uocare.
449 1469 567 1507 Primi
585 1469 717 1506 natalis
727 1469 805 1507 dies

282 1523 523 1570 consignatur
557 1522 596 1557 in
639 1520 806 1561 Romano

284 1573 550 1622 Martyrologio
577 1572 635 1613 die
658 1574 696 1609 5.
742 1572 805 1608 Ia-

284 1626 404 1674 nuarij
425 1653 433 1662 .
461 1624 626 1663 Secundi
639 1623 726 1660 vero
747 1623 806 1660 die

286 1678 320 1715 3.
339 1677 584 1726 Septembris.
601 1675 807 1713 Cuiusnam

284 1736 408 1766 autem
426 1729 557 1766 horum
585 1727 691 1777 Opus
710 1727 806 1764 istud

285 1781 327 1817 fit
343 1781 447 1817 nobis
467 1782 714 1829 incopertum.
744 1778 803 1816 Iu-

282 1834 398 1870 nioris
415 1833 553 1869 scimus
571 1839 697 1868 extare
715 1831 805 1867 scri-

281 1892 427 1934 ptorum
445 1890 701 1927 monumenta,
721 1894 807 1919 nem

285 1949 330 1985 pe
346 1935 546 1984 Epistulam
564 1935 608 1972 nd
626 1935 808 1972 Iustinum

285 1988 544 2037 Imperatorem
562 2015 572 2029 ,
590 1999 674 2035 quae
697 1987 810 2022 recita

286 2038 809 2088 turacn5.C6cilij2.Nicaeni.

338 2091 382 2128 In
397 2091 572 2140 Drogono
591 2089 759 2128 Ostiensi

432 2143 625 2193 Episcopo.

235 2197 461 2236 colum.447.
476 2198 515 2233 in
534 2195 639 2233 titulo
652 2192 813 2243 paginae,

865 1413 1037 1462 ptionem
1092 1411 1228 1461 Operis
1262 1412 1363 1449 adde
1383 1439 1395 1456 ,

874 1464 1042 1501 Habetur
1058 1476 1191 1500 nomen
1211 1463 1251 1501 S.
1281 1463 1394 1514 Etigij

875 1515 1042 1552 Romano
1055 1515 1321 1564 Martyrologio
1338 1517 1395 1552 in·

874 1568 1052 1616 scriptum
1106 1567 1202 1603 inter
1238 1568 1396 1615 reliquos

875 1619 1035 1657 Sanctos
1053 1618 1168 1668 prima
1186 1617 1246 1655 die
1254 1618 1396 1657 Decem

876 1671 967 1715 bris,
981 1670 1087 1706 cuius
1098 1671 1211 1707 vitam
1220 1672 1397 1708 sanctita-

877 1731 912 1760 te
930 1750 940 1767 ,
959 1723 992 1757 8τ
1011 1722 1198 1759 miraculis
1215 1722 1397 1760 admiran-

873 1775 959 1812 dam
984 1774 1129 1823 scripsit
1146 1773 1189 1810 S.
1208 1773 1399 1812 Audoenus

877 1826 1162 1874 Rothomagesis
1180 1824 1398 1876 Episcopus,

876 1879 940 1917 De
976 1890 1017 1915 eo
1056 1878 1176 1927 plura
1203 1890 1251 1914 ex
1276 1878 1402 1928 vorg'js

876 1930 1097 1968 auctoribus
1134 1929 1176 1965 in
1213 1929 1313 1967 notis
1347 1931 1403 1969 ad

878 1983 1054 2020 Romanii
1091 1981 1401 2030 Martyroloqiss.

878 2034 1075 2072 Discessit
1109 2034 1150 2070 in
1177 2032 1306 2071 calum
1319 2034 1402 2071 An-

879 2098 927 2123 no
956 2086 1101 2123 salutis
1117 2085 1209 2122 665.
1228 2090 1270 2121 vt
1289 2084 1404 2122 habet

882 2136 1100 2187 Siqibertus
1132 2138 1171 2175 in
1203 2134 1403 2175 Chronico.

1224 2187 1352 2227 homil.
