1430 2534
264 241 338 283 164

302 310 343 348 Iu
363 311 462 349 sixti
481 311 690 360 sententiis·

203 362 391 413 Pag.769.
406 364 452 408 Β,
472 363 605 401 abrade
625 370 719 399 totas
738 363 781 399 il-

255 417 309 453 las
338 418 502 466 integras
532 429 599 453 sex
626 416 742 452 lineas
761 428 783 451 a

254 470 375 507 verbis
399 471 483 513 illis,
512 470 576 506 Ea:
598 468 783 505 Ludouz'cz·

255 521 493 571 Hillesemij,
515 523 579 573 §flc-
609 533 699 569 vsq;
737 520 783 557 ad

255 575 330 619 illa,
346 575 485 613 lectum
504 574 527 612 ὰ
547 586 588 610 se
603 572 782 617 ait,Dein

255 628 300 664 de
313 628 399 665 tolle
411 634 524 665 totam
538 627 636 663 illam
650 626 780 662 inscri-

253 681 442 729 ptionem:
479 692 510 716 s.
530 678 627 716 Sixti
647 677 716 714 111.
733 689 781 714 ex

228 742 231 745 ·
257 731 481 782 Philosopho
504 731 670 768 Potificis
702 742 778 767 ma-

254 785 361 830 ximi,
382 785 414 820 δι
432 785 604 833 martyris
630 790 780 820 senten-

255 838 333 882 tiae,
351 838 555 887 Interprete
575 835 711 872 Rufino
725 849 735 879 3
749 836 781 886 ᾇ·

254 903 392 939 repone
409 903 421 927 .·
449 890 574 939 Xysti,
600 888 656 924 vel
676 887 781 934 Sexti

255 942 497 992 Pythagorici
567 941 782 989 Philosophi

253 994 408 1032 Etbnici
436 994 595 1042 sentetie
615 993 781 1042 Interpre

255 1053 291 1084 te
312 1046 460 1084 Ruffino
478 1045 700 1095 Presbytero
727 1046 780 1081 A-

251 1100 460 1148 quileiensi,
475 1099 527 1135 Et
538 1099 670 1135 statim
683 1110 783 1147 appo

252 1164 300 1189 ne
314 1152 530 1190 huiusmodi
547 1151 779 1188 antidotum.-

252 1204 306 1241 Vt
322 1217 453 1242 cernas
480 1204 596 1241 lector
613 1203 780 1240 fraudem

255 1256 398 1304 Rufini,
416 1257 479 1306 qui
495 1257 627 1294 librum
649 1262 780 1292 senten

252 1310 384 1347 tiarum
418 1310 530 1359 Xysti
566 1308 780 1358 Philosophi

251 1362 415 1399 Gentilis
429 1391 439 1408 ‚
465 1362 497 1397 &
515 1361 754 1411 Pythagorici
769 1390 778 1406 ,

250 1416 428 1452 ementito
452 1414 573 1458 titulo,
591 1413 780 1463 splendido

250 1467 387 1504 s.Sixti
398 1465 550 1504 secundi
562 1465 779 1504 RomaniPt‘)

251 1519 375 1564 tificis,
395 1518 426 1554 δι
439 1518 611 1566 martyris
629 1517 778 1553 nomine

251 1572 508 1620 euulgauerat,
521 1569 603 1607 audi
618 1581 647 1606 s.
665 1569 778 1606 Hiero

250 1628 367 1674 nymfi
387 1622 502 1673 Epist.
516 1622 559 1659 ad
573 1621 778 1671 Ctesiphon

250 1683 327 1714 tem
350 1675 526 1712 aduersus
545 1673 776 1723 Pelagianos,

247 1729 362 1767 Tomo
377 1729 415 1765 2.
431 1728 503 1765 ista
516 1730 777 1776 conquerente:

251 1781 358 1819 Illam
379 1787 503 1817 autem
518 1780 776 1824 temeritatem,

246 1837 360 1871 immo
374 1833 556 1870 insaniam
569 1833 662 1878 eius,
680 1831 777 1868 Nem

246 1898 292 1937 pe
313 1885 439 1922 Rufini
457 1914 466 1930 ,
494 1885 576 1934 quis
590 1885 702 1934 digno
713 1896 779 1934 pos

247 1939 298 1976 sit
312 1938 496 1987 explicare
510 1949 679 1974 sermone
693 1935 709 1972 ἵ
728 1935 779 1985 qd

246 1990 381 2027 librum
408 1989 519 2038 Xysti
539 1989 778 2038 Pythagorei,

218 2051 222 2053 “
247 2042 407 2079 hominis
435 2042 571 2089 absque
596 2041 747 2078 Christo
768 2070 776 2085 ,

249 2102 360 2143 atque
379 2093 531 2131 Ethnici
548 2120 557 2137 ‚
585 2094 778 2130 immutato

249 2148 411 2194 nomine,
426 2145 526 2184 Sixti
541 2144 731 2194 Martyris,
746 2145 776 2180 &

525 239 722 282 Biblioth.
733 239 1065 282 Sanct.Patrum.

854 309 1034 347 Romanae
1047 308 1227 346 Ecclesiae
1244 306 1377 358 Episco

851 364 887 413 pi
907 362 1138 412 praenotauit.
1166 361 1208 397 ln
1222 373 1294 410 quo
1311 362 1376 397 iux

853 424 889 452 ta
907 416 1041 464 dogma
1059 414 1349 464 Pythagoricum
1366 442 1376 456 ,

852 469 915 516 qui
950 468 1135 504 hominvm
1179 475 1379 514 exaequant

855 520 950 565 Deo,
963 522 998 556 &
1011 519 1056 556 de
1068 520 1147 556 eius
1159 517 1286 555 dicunt
1297 530 1378 555 esse

852 573 1068 616 substantia,
1083 571 1199 608 multa
1211 570 1256 607 de
1275 571 1380 620 perse

852 625 974 661 ctione
993 625 1177 661 dicuntur.
1199 630 1236 660 vt
1254 624 1314 672 qui
1335 636 1378 660 vo

852 677 954 713 lum&
979 676 1193 726 Philosophi
1209 676 1379 721 nescim,

852 731 920 766 sub
940 729 1115 779 Martyris
1147 726 1306 767 nomine
1324 728 1377 764 bi-

852 783 940 819 bant
953 781 998 818 de
1013 794 1125 818 aureo
1137 782 1250 818 calice
1265 780 1377 817 Babi-

851 835 959 871 lonis.
996 834 1167 882 Denique
1183 834 1220 870 in
1237 834 1320 882 ipso
1336 845 1379 869 vo

851 887 990 924 lumine
1009 887 1108 923 nulla
1132 886 1351 936 prophetat-ss
1366 913 1376 930 ,

852 940 953 976 nulla
971 939 1226 988 Apostolorum
1242 964 1252 982 ,
1278 938 1380 974 nulla

853 991 994 1029 Christi
1006 992 1046 1029 fit
1065 991 1222 1034 mentio:
1239 999 1279 1026 vt
1291 989 1378 1039 Epi-

852 1055 1000 1095 scopum
1029 1043 1060 1079 &
1082 1051 1281 1093 martyrem
1299 1044 1379 1080 sine

852 1097 922 1135 fide
940 1098 1051 1134 fuisse
1069 1095 1278 1133 contendat.
1298 1094 1377 1132 Vn-

851 1150 897 1187 de
914 1178 924 1196 ‚
961 1148 993 1184 &
1028 1162 1090 1185 vos
1111 1177 1120 1193 ,
1162 1147 1349 1197 pelagiani
1368 1175 1377 1191 ‚

851 1203 1007 1252 plurima
1031 1212 1158 1238 contra
1172 1200 1378 1238 Ecclesiam

852 1255 1031 1304 vsurpatis
1045 1253 1265 1290 testimonia.
1285 1251 1379 1289 Hoec

851 1319 870 1344 s
891 1307 1171 1355 Hieronymum
1201 1305 1269 1356 qui
1300 1306 1380 1342 etia

851 1360 891 1397 in
905 1372 938 1397 c.
952 1360 1016 1395 92.
1040 1358 1210 1395 Ieremioe
1224 1358 1351 1406 inquit
1366 1370 1377 1401 ;

852 1411 894 1449 M
899 1412 1074 1449 iserabilis
1083 1411 1291 1454 Grunnius,
1298 1409 1376 1446 Ru-

851 1464 963 1501 finum
979 1463 1156 1513 intelligit
1171 1491 1180 1508 ,
1200 1463 1262 1512 qui
1276 1461 1320 1499 ad
1336 1475 1379 1499 ca

849 1517 1078 1554 lumniandos
1106 1517 1202 1551 viros
1228 1522 1375 1551 sanctos

850 1569 994 1618 aperuit
1011 1581 1052 1605 os
1069 1572 1153 1612 sust,
1175 1567 1376 1616 linguamq;

848 1633 953 1658 suam
972 1620 1097 1658 docuit
1118 1619 1351 1656 mendacium
1365 1648 1377 1663 ‚

849 1672 956 1710 Sexti
977 1672 1201 1723 Pytbogorei
1218 1672 1377 1708 hominis

849 1725 1095 1763 Gentilissimi
1116 1736 1225 1761 vnum
1242 1724 1377 1760 librum

847 1778 1107 1828 interpretatus
1122 1783 1180 1814 est
1193 1777 1230 1813 in
1243 1776 1376 1821 latinu,

848 1830 1020 1880 diuisitq;
1045 1843 1129 1867 eum
1149 1829 1186 1865 in
1205 1828 1277 1866 duo
1293 1827 1376 1866 'volu

850 1884 950 1921 mina
963 1913 973 1930 ,
989 1884 1019 1919 &
1031 1883 1099 1920 sub
1111 1881 1258 1919 nomine
1272 1881 1375 1918 Secti

851 1935 1028 1986 Martyris
1046 1935 1158 1985 Xysti
1175 1932 1285 1975 Vrbis
1298 1932 1376 1970 Ro-

850 2001 922 2026 mae
934 1983 1233 2039 Episcopi,ausus'
1243 1985 1376 2025 estede

849 2054 902 2079 re:
920 2042 956 2078 in
971 2041 1102 2091 quibus
1115 2036 1375 2082 nullaCliristi,

848 2093 952 2131 nulla
964 2093 1127 2144 Spiritus
1138 2089 1376 2136 cancamum.

851 2145 926 2184 Dei
940 2145 1078 2193 Putris,
1097 2144 1196 2181 nulla
1209 2140 1376 2179 Patrim-

1156 2196 1321 2239 charum,
