1468 2528
224 248 725 324 REGVLAE
764 254 908 320 EX
938 254 1401 321 ROMANO

399 383 985 434 CLEMENTIS
1045 387 1228 434 VIII.

617 505 796 553 Summi
823 505 1008 553 Pontifi.

221 621 662 677 INDICE
756 624 1405 677 LIBRORVM

632 768 995 816 Prolzz'bitoram.

498 892 961 941 REGVLA
1033 893 1130 940 II.

604 1160 707 1190 rum
727 1177 739 1197 ,
765 1143 844 1207 qui
868 1151 970 1207 post
987 1142 1256 1206 praedictum
1281 1148 1405 1189 annu

284 1248 291 1268 ο
365 1215 435 1246 '⁸'
498 1221 541 1294 :i
603 1226 793 1273 haereses
817 1225 1112 1279 inuenerunt,
1127 1224 1200 1272 vel
1223 1224 1406 1272 suscita-

384 1305 447 1348 κ’.
521 1312 544 1344 “-
599 1312 723 1358 runt,
742 1304 879 1367 quam
905 1303 983 1366 qui
1002 1302 1308 1350 hereticorum
1336 1319 1405 1349 ca-

285 1374 382 1438 pita
406 1409 418 1427 ,
454 1382 534 1419 aut
558 1370 697 1416 duces
720 1377 828 1415 sunt
851 1402 863 1422 ,
888 1367 960 1414 vel
985 1367 1176 1414 fuerunt
1199 1402 1211 1421 ‚
1247 1367 1404 1431 quales

285 1448 394 1485 sunt
430 1436 667 1485 Lutherus
703 1468 715 1487 ‚
766 1432 1044 1496 Zuuinglius
1079 1467 1092 1486 ,
1144 1432 1369 1480 Caluinus
1393 1467 1406 1486 ,

288 1503 526 1551 Baithasar
574 1499 927 1546 Pacimontanus
951 1532 963 1551 ,
1026 1497 1407 1545 Schuuenchel-

285 1569 389 1615 dius
412 1603 426 1623 ‚
475 1569 511 1615 δι
552 1565 622 1611 his
661 1563 844 1616 simileS,
882 1562 1151 1625 cuiuscunq3
1191 1561 1405 1615 nominis,

285 1634 446 1689 tituli,
500 1638 581 1678 aut
624 1627 886 1692 argumenti
923 1627 1122 1674 existant
1156 1662 1168 1681 ,
1215 1627 1403 1674 omnino

286 1698 606 1763 prohibentur.

224 1765 442 1812 Aliorum
475 1771 628 1809 autem
656 1758 975 1806 haereticorum
999 1757 1121 1810 libri,
1145 1756 1225 1819 qui
1250 1757 1307 1804 de
1338 1774 1407 1804 re-

287 1829 461 1891 ligione
495 1825 683 1889 quidem
724 1840 782 1870 ex
817 1823 1020 1886 professo
1059 1830 1272 1876 tractant,
1313 1839 1407 1869 om-

287 1895 400 1941 nino
425 1893 715 1938 damnantur.

225 1959 323 2016 Qui
349 1958 457 2005 vero
482 1957 539 2002 de
567 1953 815 2016 Religione
845 1970 938 2000 non
971 1959 1182 2004 tractant,
1201 1952 1227 1997 a
1253 1951 1407 1998 Theo-

288 2023 405 2085 logis
466 2019 715 2068 Catholicis
777 2018 900 2065 iussu
959 2017 1312 2081 Episcoporum,
1370 2018 1406 2063 δε

291 2086 621 2150 Inquisitorum
692 2083 936 2132 examinati
983 2117 996 2137 ,
1065 2083 1100 2130 &
1170 2080 1408 2145 approbati

287 2151 635 2221 permittuntur.
1211 2209 1301 2257 L‘b
1330 2209 1338 2217 ⁸

1258 2228 1269 2257 1
1305 2226 1342 2257 r1
