1430 2534
242 265 339 315 244-

242 337 358 374 multa
388 335 411 373 ὸ
439 335 555 374 solida
591 335 770 374 Ecclesiae

243 389 410 427 doctrina
427 389 685 438 discrepantia.

331 478 375 515 In
389 478 640 527 Athenagora.

194 544 276 584 Col.
294 543 384 580 361.
402 547 487 594 post
504 543 624 593 υίνᾶφ
656 543 774 581 inseri

237 597 405 648 ptiouem
439 594 600 643 adiuti-qe
621 622 630 639 ‚
663 594 773 639 Quis,

245 649 283 684 ὣ
313 652 473 694 quantus
516 646 774 695 Athenagoras

244 699 358 735 fuerit
374 712 421 736 ex
448 703 546 735 tomo
573 698 610 734 3.
629 699 773 735 Annal.

247 750 511 788 Ecclesiastic.
530 749 640 787 Anno
661 750 774 787 Chri-

246 804 299 839 sti
315 804 402 840 179.
416 803 535 852 capit.
549 803 612 839 39.
630 804 659 852 ᾀ·
671 812 774 853 seqq.

244 856 393 904 plenius
421 867 646 904 cognoscere
673 864 775 904 pote-

512 255 774 307 Bibliotheca
794 279 848 306 ss.
866 241 1055 305 Puerum.

840 334 1020 373 adscribe
1033 336 1126 379 ista,
1139 334 1196 373 De
1211 333 1372 373 Minutio

842 387 966 426 Felice
985 389 1103 436 agits.
1120 386 1371 438 Hieronymus

841 440 903 478 lib.
919 439 965 476 de
976 438 1078 476 Viris
1091 439 1260 490 illustrib.
1274 438 1305 475 &
1321 439 1370 476 E-

842 492 916 542 pist
929 491 1042 528 84.ad
1054 491 1249 540 Magnum,
1263 503 1373 540 quem

843 556 986 593 quoque
1004 544 1205 593 plurimum·
1226 545 1350 581 laudat
1363 573 1372 588 ‚

844 597 959 644 eiusq3
979 597 1193 634 meminisse
1206 595 1372 633 Laetitifi

845 651 883 686 in
897 650 974 685 suis
985 649 1087 685 libris
1099 647 1255 686 affirmat
1271 676 1279 686 .
1306 648 1376 685 Cla

846 702 921 738 ruit
937 701 1007 738 sub
1023 713 1155 738 seuero
1173 700 1373 751 Imperato-

845 753 934 799 re,&
949 765 978 790 s.
992 753 1196 802 Zepherino
1210 752 1311 803 Papa
1324 755 1377 790 cir

845 819 889 843 ca
908 818 1046 843 annum
1065 803 1219 842 Domini
1237 806 1328 842 211.

245 908 308 944 ris:
329 909 387 945 vbi
415 907 446 944 &
470 907 586 956 pietas
613 908 693 944 eius
714 935 723 952 ,
745 906 776 942 &
794 910 875 948 Col.
891 910 982 948 413.
1001 908 1033 947 Β
1055 937 1066 955 ,
1091 894 1135 946 ἱἐκ
1155 914 1279 955 textu,
1298 908 1377 946 Cur

246 960 404 997 eruditio
460 957 613 996 mirifice
675 972 774 996 com-

245 1012 469 1048 mendantur
483 1039 493 1048 .

197 1063 279 1101 Col.
301 1065 378 1102 379
398 1064 450 1109 D,
469 1064 510 1100 in
531 1068 639 1100 textu
657 1091 667 1109 ,
702 1063 777 1113 Alij

247 1117 396 1165 quidem
426 1116 577 1154 amorib.
601 1116 696 1165 capti
726 1118 780 1153 vir

245 1170 339 1218 ginfi
357 1171 429 1206 &c.
452 1167 578 1206 scribe
597 1169 638 1205 in
655 1181 780 1217 mary.

251 1222 364 1259 Error
382 1223 443 1258 hic
463 1222 714 1270 Athenagorae
734 1226 781 1257 cst

251 1275 332 1324 alijs
367 1273 583 1322 quibusdam
621 1274 781 1321 antiquis

251 1327 464 1376 Scriptorib.
478 1326 570 1370 cois,
589 1324 634 1362 de
650 1329 781 1375 cogi-es

250 1392 292 1415 su
314 1379 501 1428 Angelorfi
531 1383 579 1415 εὖ
608 1378 780 1426 semini53

250 1432 345 1468 vnde
365 1432 443 1467 nati
461 1431 536 1466 sint
554 1431 737 1480 gigantes.

254 1482 343 1519 Vide
364 1482 475 1519 Sixm
493 1480 638 1518 Senem.
659 1482 723 1518 lib.
741 1483 778 1518 5.

251 1531 360 1571 Bibl.
378 1531 522 1569 Annot.
542 1533 668 1568 73.77.
683 1533 716 1582 ᾇ
739 1532 779 1569 S.

256 1584 343 1621 Tho.
363 1585 395 1620 l.
406 1596 444 1634 p.
459 1585 619 1634 q.5l.ar.
634 1582 735 1620 aad.
745 1585 778 1618 6.

251 1636 360 1686 eiusq,
387 1637 605 1686 interpretes
621 1662 631 1677 ,
669 1638 780 1684 atque

254 1688 332 1724 etia
361 1686 625 1737 explanatores
653 1686 780 1722 Genes-

848 963 984 1000 multas
1001 974 1082 999 aras
1100 962 1239 998 habent
1252 991 1263 1006 ‚
1282 970 1375 998 tem-

818 1036 821 1039 ·
847 1015 908 1065 pla
928 1014 1041 1058 nulla,
1054 1014 1157 1051 numa
1173 1021 1261 1052 nota
1274 1014 1377 1050 ‘simu

847 1066 961 1104 lacta?
974 1066 1097 1103 scribe
1110 1067 1149 1103 in
1161 1079 1282 1116 mar-9.
1294 1066 1379 1103 Abu

848 1127 979 1157 tuntur
1001 1119 1211 1156 Nouatum
1228 1120 1298 1155 hoe
1319 1117 1377 1154 Mi

850 1172 942 1220 nntij
966 1172 1051 1208 loeo
1067 1172 1244 1208 adueisus
1269 1170 1379 1207 Fabri

830 1238 833 1241 ’
849 1236 911 1261 cas
930 1223 1182 1260 Ecclesiuum
1199 1238 1209 1267 ,·
1232 1222 1377 1266 altaria,

852 1276 883 1312 &
910 1287 1034 1314 sacras
1063 1275 1273 1324 Imagines:-
1313 1275 1380 1311 sed

850 1330 962 1377 piam,
993 1328 1026 1363 δι
1057 1328 1296 1365 orthodoxum
1321 1327 1379 1363 Mi

852 1381 945 1430 nutij
964 1387 1126 1418 mentem
1145 1381 1314 1430 aperiunt
1335 1407 1344 1423 ‚

852 1431 1113 1470 Bellarminus
1130 1432 1197 1470 lib.
1207 1433 1247 1468 3.
1259 1431 1304 1468 de
1317 1430 1383 1468 cul

853 1487 896 1520 tu
926 1488 1138 1520 savoseorum
1169 1497 1250 1534 cap.
1276 1483 1314 1518 4.
1348 1483 1378 1531 ᾇ·

849 1531 1047 1571 Barcmius
1089 1538 1183 1572 tomo
1218 1535 1257 1570 3.
1292 1531 1376 1570 An-

850 1583 928 1621 nal.
943 1597 1051 1622 anno.
1070 1585 1116 1621 21
1128 1585 1243 1636 Lipso
1261 1583 1380 1621 adito.

912 1673 955 1710 ln
974 1673 1104 1719 Aenea
1121 1674 1274 1723 Gagaeo.

257 1751 288 1775 c.
303 1739 341 1775 6.
356 1737 499 1773 Rursus
516 1739 590 1785 qufi
608 1735 780 1781 absurda,
798 1745 971 1784 Col.433.
1000 1745 1051 1791 D,
1081 1746 1122 1783 i„
1147 1745 1382 1796 prefatione

255 1790 352 1839 quod
386 1789 643 1838 Athenagoras
689 1788 784 1837 suhij

254 1845 319 1889 cit,
338 1843 480 1880 animas
499 1841 704 1891 Gigantum
723 1840 786 1877 illo

256 1908 338 1932 rum
367 1907 415 1931 ex
435 1894 592 1943 Angelis
609 1900 784 1943 „peream-

254 1959 337 1983 rum
356 1959 436 1983 esse
453 1974 463 1991 ,
485 1946 672 1994 ngones
690 1946 785 1991 illos,

255 2001 319 2048 qui
339 2000 437 2035 circa
459 1998 599 2034 mundss
625 1997 784 2034 oberrat.

302 2093 347 2130 ln
367 2093 529 2130 Minutio
550 2091 686 2128 Felice.

206 2161 525 2211 Col.407.B,p0st
538 2161 785 2210 inscription?

851 1795 1085 1848 Maryarini,
1110 1798 1159 1836 ab
1185 1798 1269 1836 iltis
1301 1810 1380 1834 ver-

851 1848 907 1886 bis
927 1877 937 1895 ,
969 1849 1050 1887 Hoc
1082 1850 1133 1887 nii
1162 1849 1278 1899 reperi
1307 1850 1378 1888 &c.

852 1903 906 1939 ad
938 1902 1064 1950 finem
1107 1914 1226 1953 usque
1269 1901 1379 1940 Prae-

844 1954 1021 2004 sationis
1082 1954 1168 1991 dele
1227 1954 1380 1994 omnia,-

852 2005 947 2054 qubd
970 2006 1020 2043 ibi
1049 2005 1113 2043 fiat
1141 2007 1280 2043 mentio
1307 2004 1384 2042 Bes

852 2060 879 2096 ti
917 2057 1089 2096 Rhenani
1117 2059 1197 2096 hois
1214 2061 1305 2108 pai-ss
1338 2070 1380 2094 or

854 2110 1017 2154 modesti,
1045 2110 1076 2146 &
1107 2110 1253 2148 loannis
1283 2107 1380 2147 Vuol

852 2163 926 2212 phij
946 2163 1113 2200 haeretici
1136 2163 1264 2213 primae
1283 2160 1377 2199 clas·

1252 2227 1325 2251 sis:
1399 2238 1403 2240 -
