1430 2534
219 230 302 271 254
463 232 728 274 Bibliotheca
749 233 824 275 SS.
850 235 1039 277 Patr-um.

216 311 290 347 que
311 300 493 349 reperitur
518 315 668 346 nomen,
689 302 750 340 Di

215 349 260 386 ui
290 348 460 388 Pothom·
482 353 719 403 propositum
733 381 743 399 ,

217 400 473 451 Expungatur.

167 451 313 489 Colum.
336 454 447 490 1179.
466 455 513 499 E,
547 454 746 506 Expunge

207 502 384 553 glossam,
415 505 523 545 Bella
538 505 746 558 Euangelio

213 554 412 595 aduersari.

165 649 208 688 In
228 650 370 691 Ioanne
399 653 744 705 Hierosolymitano

353 703 552 757 Episcopo.

162 765 481 813 Colum.124l.D,
498 769 536 808 in
555 770 745 823 inscriptio

211 832 261 857 ne
280 819 418 869 Operis
432 847 442 864 ,
461 821 493 859 8⁵
514 821 689 872 deinceps
707 822 743 859 in

212 869 330 909 titulis
347 871 562 922 paginarum
577 873 746 910 nomeDi

213 921 262 965 ui,
279 923 518 973 praepositum
533 923 664 962 Ioanni
679 926 742 963 44.

213 971 560 1024 Hierosolymitano
590 974 745 1027 Episco-

235 1037 258 1062 ο
270 1025 459 1063 auferatur
473 1039 484 1069 3
505 1039 589 1064 nam
603 1025 667 1078 qui
686 1040 745 1064 res

209 1037 319 1114 iiuius
353 1076 514 1122 Ioannis,
536 1078 594 1117 cui
614 1079 745 1130 saepius

210 1139 294 1165 cum
308 1134 437 1166 sancto
454 1127 743 1180 Epiphanio,san

209 1185 271 1217 cto
289 1178 434 1218 Hieron
464 1193 538 1225 mo,
551 1180 743 1232 Theophi-

209 1229 246 1269 lo
270 1229 415 1271 Alexan
445 1231 525 1270 rino
550 1233 742 1272 altercatio

210 1294 277 1320 nes
291 1282 397 1320 fuere
405 1283 542 1372 (grobe
553 1297 742 1335 cognoue-

209 1332 269 1378 rit,
282 1334 371 1373 satis
383 1334 416 1373 vi
444 1335 648 1385 ebit,quam
664 1336 742 1375 indi

205 1397 301 1434 gnus
319 1390 405 1424 noie
416 1386 532 1426 sancti
545 1413 556 1432 ,
577 1387 635 1426 vel
650 1387 742 1427 Diui

206 1436 372 1474 extiterit
390 1463 401 1482 ,
429 1437 488 1475 Et
500 1443 588 1486 post
604 1439 741 1478 inscri-

199 1487 335 1537 ption&
358 1489 482 1539 operis
500 1489 574 1526 ista
594 1489 718 1540 adzjce
730 1517 739 1534 ,

206 1539 271 1576 An
287 1538 376 1575 vero
393 1538 491 1576 istud
507 1539 624 1598 Opus,
639 1542 740 1591 quod

210 1589 269 1626 hie
288 1589 484 1639 subijcitur
499 1617 508 1635 ‚
528 1597 575 1629 sit
591 1591 740 1630 Ioannis

208 1641 538 1692 Hierosolymitani
559 1644 620 1679 44.
649 1642 737 1693 Epi-

205 1692 330 1743 scopi,
351 1693 412 1743 qui
433 1699 602 1743 tempore
621 1695 738 1731 sancti

206 1744 434 1796 Hieronymi
452 1745 550 1782 sedit
568 1772 577 1790 ,
605 1746 737 1796 genui-

205 1808 293 1832 num
310 1797 534 1848 opus,multa
547 1802 633 1834 sunt
648 1811 736 1847 argu

205 1853 332 1884 menta
346 1875 356 1892 ‚
377 1861 459 1898 quae
477 1862 556 1885 rem
582 1847 619 1885 in
638 1849 738 1886 ambi

201 1911 278 1948 guo
297 1899 738 1951 ponant.Primum‚quod

206 1948 426 1987 Gennadius
438 1981 448 1999 ‚
465 1951 527 2001 qui
547 1951 656 1989 huius
676 1951 736 1989 Io-

204 2000 308 2037 annis
327 2000 603 2041 lucubrationes
625 2016 735 2043 recen

203 2057 272 2095 set,
287 2050 397 2089 huius
415 2053 496 2091 libri
513 2053 614 2091 nullo
626 2061 734 2104 pacto

203 2103 385 2141 meminit.
435 2104 587 2143 Deinde
605 2112 734 2143 auctor

203 2167 243 2192 se
270 2154 358 2192 facit
390 2155 621 2194 Monaehum
645 2157 733 2195 Car-

813 303 977 342 melitam
993 332 1003 349 ,
1025 306 1056 342 &
1071 305 1118 343 de
1138 306 1263 356 primis
1288 307 1343 344 in-

810 363 1056 412 stitutoribus,
1065 366 1343 416 professoribus,

812 424 1117 474 propagatoribus
1148 425 1344 465 Monachis

812 482 864 520 mi
878 481 1127 522 Carmelitani:
1145 491 1267 522 totum
1287 485 1342 522 O·

811 554 880 592 pus
895 555 941 579 ex
954 542 1125 581 instituto
1142 545 1343 596 componit,

812 601 870 641 At
896 601 942 639 de
968 601 1027 641 his
1051 603 1264 649 audiamus,
1294 605 1347 642 vi-

812 674 901 698 rum
924 661 1111 700 disertum
1130 664 1347 703 Bar-onium

813 717 908 750 tomo
952 720 1056 751 sewto
1100 714 1318 752 Annalium
1338 743 1349 760 ,

813 776 915 802 anno
961 764 1108 804 Christi
1152 768 1240 803 444.
1284 779 1348 804 ca·-

806 816 882 864 pit.
916 817 975 853 18.
1005 816 1062 853 ita
1093 817 1346 862 disserentem,

815 867 915 906 Sane
933 867 1087 917 quidem
1116 869 1322 919 respuimus
1337 896 1347 914 ‚
1416 875 1430 921 ᾗ

813 923 925 968 atque
954 919 1160 958 exuflamus
1191 920 1347 972 figmen-

814 975 894 1006 tum
914 970 1005 1006 illud
1020 970 1164 1008 incerto
1178 970 1347 1009 Auctore

811 1020 1001 1070 proditum
1020 1021 1219 1068 Chronico,
1239 1022 1347 1062 nimi-

810 1085 909 1119 rum,
925 1073 1027 1123 quod
1039 1080 1183 1111 extasse
1201 1074 1347 1124 fingunt

811 1124 910 1173 apud
950 1125 1136 1174 quendam
1178 1125 1344 1163 Franciae

813 1174 957 1225 Regem
971 1203 982 1220 ‚
1003 1189 1078 1226 quo
1097 1178 1250 1214 tradunt
1261 1191 1344 1214 san-

809 1233 912 1263 ctum
937 1227 1119 1277 Cyrillum
1138 1227 1343 1266 Alexandri

809 1291 898 1315 num
913 1279 1140 1330 Episcopum
1151 1280 1342 1318 Monachfl

808 1330 921 1367 fuisse
937 1330 1265 1369 MontisCarmeli:
1283 1333 1342 1369 cui

809 1382 960 1431 quidem
981 1383 1174 1420 assertioni
1188 1382 1341 1420 Trithe-

808 1433 904 1470 mius
927 1433 1062 1471 leuiter
1092 1434 1200 1472 nimis
1226 1434 1339 1472 fidem

807 1485 991 1534 praestitit.
1019 1485 1132 1523 Vnde
1146 1485 1227 1524 hoec
1238 1499 1339 1536 quae-

805 1548 860 1579 so,
881 1536 1024 1573 incerto
1040 1537 1210 1582 Auctori,
1226 1537 1258 1574 si
1276 1538 1338 1587 qui

805 1587 920 1630 certi,
947 1594 1062 1637 atque
1084 1588 1230 1637 probati
1250 1596 1337 1625 sunt

804 1637 990 1675 Auctores
1016 1639 1185 1676 eiusdem
1207 1640 1338 1691 cyrilli

804 1689 964 1740 aequales
978 1716 987 1734 ‚
1017 1690 1259 1740 eiusdemque
1279 1705 1338 1728 res

802 1746 924 1790 gestas
939 1767 949 1784 ,
991 1754 1100 1791 quam
1139 1742 1337 1792 diligenter

803 1793 1045 1842 prosequuti,
1066 1793 1147 1831 haec
1165 1794 1335 1831 nescien-

803 1849 860 1881 tes
875 1848 886 1888 ,⁸
906 1845 1040 1882 obruta
1056 1845 1204 1882 silentio
1222 1845 1334 1882 relin-

805 1896 985 1944 querunt?
1005 1896 1064 1934 vel
1078 1910 1160 1946 quae
1174 1897 1272 1949 apud
1283 1897 1334 1934 hu

804 1947 861 1984 ius
878 1948 1057 1997 temporis
1068 1948 1265 1998 scriptores
1272 1953 1334 1987 mi}

804 1999 857 2036 tio
872 1999 919 2036 sit
938 1999 986 2036 de
1005 1999 1106 2039 culto
1127 2000 1297 2038 Carmelo
1312 2001 1334 2036 ῖι

803 2050 889 2088 vitae
898 2050 1104 2100 Monosticg
1119 2051 1333 2101 professori-

802 2101 1046 2139 buSPEtenim
1061 2115 1144 2140 cum
1156 2101 1252 2151 apud
1269 2115 1331 2138 san

803 2160 903 2190 etum
922 2153 1197 2241 Hiermymuff·
1213 2151 1333 2190 Pana-

1190 2217 1276 2249 ium,

1420 348 1430 375 2

1418 918 1430 994 Ξ

1415 994 1430 1098 ξ
