1430 2534
255 279 423 317 ediderit:
441 279 507 317 sed
521 281 552 316 δι
564 280 782 318 Gennadius

257 333 369 382 capit.
391 333 451 370 15.
471 332 586 370 refert
603 333 783 382 vigilium

256 384 439 434 quendam
467 385 674 423 Diaconum
704 399 785 424 com

255 439 422 487 posuisse
447 438 592 487 regulas
613 441 787 477 monacho

256 503 363 529 rum.
401 490 461 528 An
489 491 575 528 verb
598 490 708 529 alicui
739 505 786 528 ex

258 543 340 580 istis
355 572 364 588 ‚
379 543 435 579 vel
453 544 574 593 potius
587 544 693 582 alteri
708 547 787 582 cui-

259 597 319 632 uis
337 595 479 645 vigilio
499 597 567 634 hoc
591 609 681 645 opus
699 610 787 635 con-

251 655 316 685 ·tra
336 650 524 698 Eutychen
545 649 787 687 adscribenda

258 701 308 736 sit
323 729 332 745 ‚
352 701 453 739 haud
470 709 591 751 potest
601 711 701 740 certo
712 710 786 739 sta-

259 754 327 790 tui.
341 753 435 792 Haec
448 756 563 804 igitur
573 755 732 792 hocloco
743 768 789 806 op

258 805 415 856 poi-tune
448 814 624 844 annotata
647 816 758 846 sunto
777 836 788 853 ,

217 871 220 874 ’
261 860 324 908 qui
338 860 505 897 vberiora
519 859 564 896 de
579 860 638 898 bis
656 861 758 911 cupit
779 889 788 903 .

262 913 393 948 adeat.
435 914 536 949 Tom.
570 914 609 948 5.
649 909 789 949 Avnnal.

553 963 663 1000 Anno
698 963 792 1000 Chri

517 1019 627 1051 notas
644 1014 696 1051 ad
714 1014 790 1052 Ro-

463 1065 672 1115 artyroloq.
726 1068 788 1103 26.

264 1117 387 1167 Imij,
405 1119 466 1155 vbi
482 1119 606 1155 omnia
625 1119 698 1156 ista
709 1130 792 1155 sum

263 1180 326 1206 ma
340 1181 429 1209 cura
440 1172 672 1209 elucidantur
683 1199 694 1209 .

262 962 474 1000 Ecclesiast
487 989 497 999 .

263 1017 316 1051 sta·
329 1014 406 1050 400
419 1040 429 1050 .

263 1078 363 1103 mam.

267 1323 311 1361 In
327 1324 415 1361 Iona
431 1324 690 1363 Aurelianensi
703 1352 712 1362 .

215 1477 361 1515 Colum.
383 1479 474 1516 687.
493 1484 579 1515 ante
606 1479 792 1527 praefatio-

268 1544 356 1568 nem
386 1530 488 1568 Ionae
517 1531 794 1570 Aurelianensis

270 1583 441 1633 Episcopi
467 1584 507 1620 in
529 1596 638 1620 suum
657 1584 762 1634 Opus
785 1613 795 1628 ‚

269 1649 291 1685 ᾳ
323 1635 378 1686 iye
386 1635 599 1673 istiusmodi
606 1636 792 1680 antidota,

273 1687 359 1724 Non
379 1695 416 1724 te
441 1688 554 1726 lateat
569 1687 724 1725 candide
740 1689 794 1726 le-

270 1747 349 1777 ctor
375 1739 503 1777 Ionam
534 1741 634 1777 hunc
669 1742 796 1789 magni

269 1792 430 1829 nominis
458 1794 686 1842 scriptorem,
721 1798 796 1830 vnss

271 1844 386 1881 fuisse
405 1845 451 1882 de
468 1845 664 1894 Theologis
692 1846 764 1883 illis
785 1874 795 1891 ‚

271 1909 336 1933 seu
367 1896 556 1947 Episcopls
590 1897 794 1943 Gallorum,

271 1950 334 1997 qui
345 1951 415 1986 etsi
429 1954 533 1986 cotra
553 1950 796 1988 lcouoclastas

270 2000 387 2038 valide
422 2010 698 2051 propugnarent
736 2016 794 2040 sa—

269 2066 350 2091 cras
387 2053 574 2103 Imagines
604 2067 678 2091 non
714 2068 796 2092 esse

270 2106 493 2155 frangendas
514 2134 523 2151 ,
555 2108 611 2143 vel
635 2121 794 2144 exuren-

271 2159 367 2204 das,
406 2167 469 2196 aut
505 2172 648 2207 quoquo
690 2161 796 2198 modo

268 2211 460 2250 delendas:
474 2212 538 2250 sed
549 2213 745 2251 seruandus
759 2215 795 2250 in

499 208 763 253 Bibliotheca
779 209 919 252 Sanct.
936 205 1128 250 Petrum.

854 281 999 330 templis
1021 309 1031 325 ,
1049 281 1081 316 ἃ
1094 280 1185 317 locis
1198 279 1314 316 sacris
1331 278 1378 315 ad

854 342 1024 370 ornatum
1057 357 1067 376 ,
1103 334 1136 370 δι
1172 332 1383 369 historicam

855 386 1133 422 instructionem
1153 385 1326 422 fidelium:
1347 390 1384 420 at

857 446 978 475 tamen
1007 450 1130 475 errore
1162 445 1386 488 peaeposoero

857 491 1122 527 existimabant
1134 518 1143 534 ,
1159 490 1299 526 nullum
1313 490 1385 526 illis

858 544 1070 592 religiosum
1091 544 1264 580 honorem
1283 570 1293 587 ,
1322 550 1387 577 aut

857 597 1130 632 venerationem
1151 624 1161 640 ‚
1216 607 1263 631 ne
1296 593 1386 631 dum

857 650 998 685 cultum
1013 649 1132 685 latriae
1151 649 1211 684 vni
1224 647 1385 684 Trinita-

858 702 886 738 ti
907 700 1092 738 debitum:
1115 700 1179 736 sed
1194 713 1263 736 nec
1276 700 1385 736 vllam

858 765 1002 802 quoquo
1055 753 1161 790 modo
1207 752 1386 789 adoratio·

858 818 942 843 nem
955 805 1197 842 tribuendam.
1208 804 1388 853 Pariterq;

858 859 1129 895 inuehebantur
1147 856 1327 894 acerrime
1348 858 1385 892 in

862 910 1066 947 secundum
1087 909 1295 947 Concilium
1316 909 1350 946 N
1356 910 1385 944 i-

861 974 1004 1000 coenum
1019 963 1064 1000 ab
1079 963 1235 999 Ecclesia
1250 961 1386 998 Roma—

862 1028 911 1052 na
923 1015 1235 1065 approbatum,cui
1250 1013 1386 1050 falsissi

859 1067 968 1112 me‚&
981 1066 1259 1105 mendacissime
1274 1067 1387 1115 impin

861 1121 999 1169 gebant
1018 1148 1028 1165 ‚
1061 1121 1181 1170 ipsum
1215 1118 1388 1156 definisse

861 1174 1043 1220 imagines
1057 1185 1100 1210 eo
1114 1172 1232 1216 cultu,
1246 1172 1309 1220 qui
1323 1171 1391 1207 soli

862 1225 1047 1262 diuinitati
1069 1225 1241 1262 tribuitur
1253 1235 1334 1260 esse
1350 1237 1388 1260 a·

861 1278 1060 1314 dotandus:
1081 1277 1128 1314 ob
1144 1277 1180 1314 id
1193 1289 1276 1325 quae
1288 1288 1388 1313 oecu-

863 1331 1047 1367 menicum
1066 1329 1164 1366 istud
1179 1329 1387 1366 Concilium

862 1382 1127 1432 repudiabant3
1161 1394 1246 1418 cum
1266 1388 1390 1418 tamen

862 1434 1070 1471 Concilium
1110 1434 1226 1471 multo
1251 1434 1390 1470 ‘sacius

861 1487 1074 1530 definisset;
1106 1486 1292 1535 imagines
1309 1488 1390 1534 qui-

863 1539 947 1575 dem
979 1539 1116 1575 nedum
1152 1538 1389 1575 retinendas:

865 1591 928 1628 sed
943 1592 1054 1628 etiam
1073 1590 1296 1635 adorandas3
1315 1603 1390 1627 non

865 1651 986 1680 tamen
1006 1656 1050 1680 ea
1066 1643 1287 1688 adoratione,
1306 1655 1391 1692 quae

864 1695 1039 1734 'l'rinitati
1057 1696 1221 1733 defertur
1239 1723 1250 1739 ,
1277 1703 1317 1732 vt
1343 1708 1391 1732 ex

866 1748 1306 1797 actiseiusdemConcilij,
1318 1760 1391 1796 queg

865 1807 1007 1846 extant,
1020 1801 1050 1836 δι
1069 1801 1242 1850 Epistolis
1252 1800 1393 1838 Hadria

864 1854 902 1890 ni
922 1853 1038 1891 Primi
1054 1853 1211 1891 Romani
1225 1851 1392 1890 Petificis

863 1907 1164 1946 manifestissime
1173 1906 1300 1955 liquet.
1314 1905 1392 1943 Ad-

866 1958 1002 1996 debant
1029 1959 1181 2009 insuper
1202 1958 1256 1995 illi
1273 1957 1391 1996 Galli-

866 2012 951 2048 cani
971 2011 1153 2049 Doctores
1171 2038 1181 2055 ,
1209 2010 1304 2060 quod
1321 2009 1390 2046 etsi

867 2062 1053 2112 imagines
1073 2063 1236 2105 Christi,
1257 2062 1288 2098 &
1305 2074 1391 2098 san-

864 2123 1006 2153 ctorum
1027 2116 1127 2153 nullo
1144 2121 1251 2166 pacto
1264 2121 1391 2151 essent

865 2167 1071 2212 adorandae,
1093 2166 1248 2216 Imagini
1269 2173 1391 2203 tamen

865 2218 999 2257 Crucis
1024 2219 1165 2258 Christi
1185 2220 1388 2257 veneratio-

1239 2286 1319 2307 lww.
1330 2302 1334 2309 .
