1474 2534
12 227 1293 419 *CORRRDCIJETIONE

374 463 420 511 L
455 463 478 511 I
516 464 558 512 B
596 466 644 514 R
682 465 729 515 O
768 466 815 514 R
854 466 907 514 V
943 466 1004 515 M

250 541 329 590 Ex
376 543 538 592 Indice
583 544 844 593 Clementis
892 545 944 594 V
969 544 991 593 I
1018 546 1044 594 I
1067 546 1107 594 I.

515 624 654 673 Pont.
704 624 836 673 Max.

591 718 766 830 §L

385 916 405 941 c
477 894 671 943 Abeant
717 896 956 961 Episcopi,
1004 899 1042 945 δι
1083 896 1281 961 Inquisi-

361 980 412 1003 ”““
476 982 600 1022 tores
646 976 933 1025 coniunctim
992 978 1279 1033 facultatem,

153 1089 157 1096 .
208 1065 304 1098 ’ΞΜ
356 1071 412 1131 2
477 1072 782 1120 quoscunque
823 1057 964 1106 libros
1002 1057 1134 1106 iuxta
1173 1075 1278 1122 pre—

132 1124 229 1197 .-ζ’
278 1127 318 1201 ᾗ
388 1124 417 1197 ’2
476 1139 700 1204 scriptum
741 1141 880 1189 huius
920 1142 1094 1190 Indicis
1127 1160 1279 1207 expui·

141 1220 285 1286 gandi
327 1220 465 1268 etiam
508 1220 556 1267 in
599 1220 711 1268 locis
749 1220 979 1286 exemptis
1003 1256 1015 1276 ,
1053 1221 1131 1269 vbi
1166 1222 1277 1269 vero

141 1287 260 1336 nulli
284 1296 394 1335 sunt
418 1286 739 1351 Inquisitores‚
760 1286 984 1352 Episcopi
1008 1287 1108 1335 soli.

76 1392 331 1441 Librorum
356 1393 467 1440 vero
507 1392 787 1456 expurgatio
822 1392 1009 1440 nonnisi
1044 1393 1155 1441 viris
1190 1411 1276 1442 eru

101 1490 106 1493 ν
138 1458 316 1506 ditione
350 1493 363 1513 ,
410 1460 447 1506 δι
489 1458 662 1522 pietate
698 1458 964 1522 insignibus
1015 1460 1275 1509 committa-

109 1569 111 1571 .
137 1534 215 1572 tur
239 1559 252 1579 ,
289 1524 418 1588 ijque
441 1524 534 1572 sint
556 1533 650 1572 tres
669 1560 682 1579 ‚
722 1525 811 1572 nisi
835 1524 959 1572 forte
983 1526 1274 1575 considerato

136 1607 312 1655 genere
336 1589 446 1637 libri
472 1625 485 1645 ,
507 1599 588 1638 aut
612 1591 878 1639 eruditione
904 1608 1083 1647 eorum,
1109 1593 1191 1656 qui
1216 1594 1276 1640 ad

135 1656 185 1704 id
230 1656 500 1720 deligentur
539 1656 712 1722 plures,
759 1657 834 1705 vel
876 1658 1119 1722 pauciores
1155 1658 1274 1706 iudi-

137 1731 304 1771 centur
328 1722 567 1787 expedire.

71 1830 168 1878 Vbi
192 1829 456 1879 emendatio
493 1830 706 1879 confecta
752 1830 855 1884 erit,
901 1830 1073 1878 notatis
1113 1833 1273 1900 capiti-

134 1898 235 1951 buS‚
258 1896 574 1961 paragraphis,
617 1898 654 1945 δι
697 1895 820 1959 folijs
862 1913 1007 1943 manu
1033 1896 1170 1954 illius,
1196 1901 1273 1948 vel

133 1962 335 2016 illorum,
368 1962 448 2026 qui
485 1962 871 2027 expurgauerint‚
900 1963 1159 2028 subscripta
1185 1967 1272 2014 red

132 2028 269 2076 datur
303 2026 477 2075 eisdem
511 2028 772 2103 Episcopis,
815 2030 852 2077 81
893 2027 1270 2092 Inquisitoribus,

107 2102 183 2154 ‘vt
205 2093 467 2158 praefertur,
509 2095 590 2158 qui
625 2095 662 2142 si
697 2094 1073 2144 emendationem
1106 2114 1271 2162 appro-

131 2159 362 2216 bauerint,
387 2167 501 2207 tunc
523 2160 644 2209 liber
667 2160 986 2226 permittatur

925 2244 958 2290 g
1109 2227 1202 2291 §.ij
