1430 2534
248 275 328 317 186

238 345 380 383 tionem
399 345 645 384 Eucharistiae
665 358 770 382 orare

237 395 411 441 videtur,
445 404 483 435 vt
505 398 611 435 Deus
662 411 769 434 anem

235 455 357 486 vertat
377 449 414 485 in
436 448 580 499 Corpus
601 410 740 487 Ciiristi
758 475 768 493 ‚

238 500 342 549 quasi
359 500 397 536 id
416 500 553 537 factum
572 513 645 537 non
657 499 771 537 fuerit

237 562 304 600 per
319 551 772 595 obsecrationem,&sacra

236 603 351 640 verba.
369 629 379 647 ,
423 602 510 639 Hoc
543 608 596 639 est
634 615 772 652 corpus

237 666 391 690 meum.
439 653 515 691 Sed
551 667 626 703 quo
660 668 770 692 sensu

241 704 466 743 Orthodoxo
493 704 572 742 haec
604 705 772 756 Liturgie

237 756 352 794 verba
401 757 474 793 sint
527 757 742 819 accipienda
761 787 771 805 ,

237 806 383 844 abunde
410 806 556 844 habes
538 821 556 844 e
579 808 773 846 Bessario-

239 871 287 895 ne
309 858 469 895 IVicaeno
496 858 546 895 lib
577 859 624 897 de
654 860 774 897 verbis

240 915 449 948 consecrat.
481 909 590 948 Sixto
613 913 775 950 Senense

240 959 291 998 lib
319 964 342 997 6
370 960 514 998 Bibliot
539 968 668 999 annot.
689 962 774 998 111.

243 1011 469 1049 Bellarmin.
488 1011 549 1050 lib.
569 1015 605 1050 4.
624 1013 670 1050 de
687 1012 773 1050 Eu-

244 1063 398 1101 charist.
417 1076 503 1114 cap.
529 1066 588 1102 14.

299 1166 343 1203 ln
365 1165 568 1216 Anaphora
584 1166 711 1205 Sancti

428 1218 567 1268 Basilij.

197 1283 332 1320 Col.33
360 1283 399 1320 D
413 1310 423 1328 ‚
453 1286 630 1333 expung-e
650 1288 776 1320 notam

246 1347 374 1383 marg.
421 1335 542 1373 Recte
573 1335 684 1372 etiam
713 1347 777 1371 ver

219 1406 221 1409 ⁴
246 1392 302 1422 tas
322 1386 462 1422 cultum
483 1386 681 1430 verbalem,
705 1385 777 1422 hoc

245 1443 315 1482 est,
335 1437 398 1486 qui
418 1437 537 1473 verbis
554 1437 613 1473 sit.

197 1514 345 1552 Colum.
359 1516 422 1552 36.
441 1515 494 1563 D,
514 1513 598 1551 tolle
610 1514 777 1564 glossam

248 1566 378 1616 Typus
416 1566 601 1616 Corporis,
640 1566 672 1602 &
703 1566 776 1603 San

272 1632 333 1654 um
351 1631 368 1655 s
395 1616 543 1661 Christi,
576 1617 609 1664 ά
638 1617 775 1654 resmi-

243 1632 308 1713 ῗε,
333 1668 428 1706 Haec
447 1669 478 1706 &
498 1681 659 1718 sequens
681 1668 776 1705 Ora-

247 1720 300 1758 tio
329 1720 514 1765 videntur,
542 1719 602 1756 vel
630 1733 676 1757 ex
706 1718 775 1756 scri

247 1771 418 1809 bertium
443 1784 580 1816 errore,
610 1770 668 1808 vel
689 1770 776 1808 Grae

251 1823 382 1860 culorfi
418 1821 652 1872 quorundam
685 1820 780 1858 schis

250 1874 470 1911 maticorum
534 1872 780 1932 peruersitate

251 1930 476 1976 praepostero
513 1925 597 1969 loco
635 1924 672 1961 in
709 1923 781 1960 hoc

251 1975 455 2026 Anaphora
472 1975 615 2026 positae,
642 1988 726 2012 cum
744 1974 781 2011 lo

254 2041 318 2065 cus
350 2027 512 2076 ipsarum
547 2027 730 2076 genuinus
757 2025 783 2061 il

252 2078 297 2116 lis
315 2078 360 2116 ab
383 2078 550 2115 Auctore
577 2077 683 2114 datus
701 2077 782 2113 fue-

253 2130 300 2167 rit
319 2136 404 2167 ante
423 2142 524 2166 sacra
542 2129 655 2178 verba}
672 2141 783 2165 conse

256 2181 452 2226 erationis,
475 2180 558 2218 vide
589 2184 717 2216 notam
744 2179 785 2215 in

456 275 718 318 Bibliotheca
737 275 879 326 Sancc.
904 276 1094 318 Parrum.

841 343 986 394 Liturg
1002 358 1031 382 s.
1052 342 1371 391 Iacobi,col.12.A

972 423 1017 460 In
1034 423 1190 462 Seuero.

792 486 938 530 Colum,
959 489 1021 525 43.
1039 489 1077 526 in
1097 490 1208 526 titulo
1226 489 1369 540 pagine,

841 539 873 574 δι
898 539 1074 590 deinceps
1101 540 1138 577 in
1165 541 1244 591 alijs
1270 542 1372 591 pagi-

840 603 971 627 narum
990 591 1118 636 titulis,
1135 591 1306 630 deleatur
1323 605 1372 629 no

841 654 928 679 men
959 642 1071 687 Diui,
1109 643 1168 680 vel
1199 643 1371 687 Domini,

843 694 985 730 Seuero
1026 695 1255 744 prepositum
1272 719 1283 731 .
1327 694 1373 731 In

842 744 1090 794 Inscriptione
1109 745 1244 796 Operis
1258 746 1322 782 lin.
1337 747 1373 782 3.

843 796 905 832 vbi
941 796 1075 833 dicitnr
1093 823 1103 841 ‚
1147 797 1231 834 Dfis
1267 809 1374 835 meus

844 847 978 884 Siictus
998 848 1172 892 Seuerus,
1201 848 1281 885 dele
1298 854 1375 886 tres

841 897 930 936 illas
947 911 1074 943 voces,
1090 899 1279 936 Dominus
1297 900 1375 937 me⁹

845 951 1002 987 Sanctus
1020 976 1031 995 ‚
1068 952 1100 999 ᾧ·
1133 952 1257 988 statim
1286 957 1376 1000 post

842 1001 1128 1051 inscriptionem
1197 1014 1347 1052 appone
1364 1029 1374 1047 ,

847 1052 962 1089 Hunc
983 1053 1164 1091 Seuerum
1187 1054 1376 1103 praefuisse

843 1103 1026 1141 Ecclesiae
1035 1105 1372 1155 AlexandrinaeEpi

844 1168 998 1205 scopum
1013 1181 1023 1199 ‚
1038 1157 1106 1193 sub
1124 1156 1377 1194 Mahometica

845 1206 1041 1256 tyrannide
1058 1207 1105 1244 ad
1123 1220 1261 1244 annum
1278 1207 1375 1245 salu-

845 1258 892 1294 tis
907 1260 995 1294 646.
1009 1258 1194 1296 existimat
1208 1258 1375 1297 Genebr.

845 1309 883 1345 in
905 1309 1232 1360 Chronographia,
1264 1317 1376 1360 atque

846 1359 918 1397 hoc
941 1361 1046 1410 Opus
1059 1361 1235 1399 idiomate
1252 1362 1378 1411 Syria·

847 1425 891 1448 co
935 1411 1152 1450 Christianis
1195 1412 1377 1463 AEgyptijs

847 1475 933 1499 mox
966 1470 1049 1512 post
1088 1463 1378 1513 Mahometicam

846 1519 1107 1562 tempestatem
1127 1515 1163 1550 in
1184 1515 1378 1564 captiuorfi

846 1563 1018 1600 solatium
1029 1564 1232 1602 tradidisse.
1250 1566 1300 1602 At
1315 1565 1377 1623 qd‘

847 1615 981 1652 attinet
1000 1615 1046 1652 ad
1059 1622 1270 1666 temporum
1282 1615 1376 1653 ratio

848 1665 1008 1716 nem,Cy
1011 1680 1072 1704 rus
1086 1666 1164 1718 Eps
1178 1667 1373 1705 Alexadri-

846 1730 929 1766 nus,
957 1718 1024 1755 sub
1046 1731 1120 1768 quo
1139 1718 1347 1777 AEgyptus'
1339 1732 1375 1755 m

847 1770 1101 1818 potestatem
1086 1783 1109 1806 a
1119 1768 1308 1808 Saracenis
1315 1783 1375 1806 re-

817 1835 820 1838 *
845 1819 974 1864 dacta,
998 1820 1071 1871 obij
1077 1826 1091 1857 t
1108 1820 1219 1867 Anno
1237 1819 1375 1863 Christi

846 1871 934 1907 640.
952 1835 1158 1909 secundum
1183 1871 1375 1910 exactione

849 1922 985 1959 Annal
992 1921 1203 1961 Ecclesiast.
1218 1923 1376 1961 chrono-

846 1973 1056 2024 graphiam,
1084 1975 1142 2011 cui
1161 1972 1377 2012 successisse

850 2024 1004 2061 Petrum
1009 2025 1193 2076 ‚decemq;
1208 2037 1323 2063 annos
1336 2039 1377 2063 se

849 2075 944 2112 disse
959 2076 1159 2114 chronicon
1172 2091 1200 2114 s.
1202 2076 1376 2127 Nicepho

850 2127 880 2163 ri
897 2127 968 2176 1⁴:151
989 2127 1209 2166 Constfitino
1187 2127 1375 2216 cpolitani,

849 2178 969 2228 palam
992 2178 1117 2228 habet,
1145 2191 1193 2217 vn
1271 2178 1375 2217 Anno
