1474 2534
582 224 778 281 Preface.
1248 228 1289 269 lv

73 308 289 348 attributed
307 314 348 348 to
365 309 391 347 J
393 323 537 348 oannes
563 308 985 360 HierosolymitanuS.²
1042 308 1153 348 Peter
1173 309 1286 349 Was-

73 362 142 410 tel,
156 362 246 400 who
260 375 337 402 was
349 362 395 401 of
405 362 485 401 this
502 362 628 408 order,
643 362 816 400 receives
830 361 898 399 the
911 361 1117 412 following
1130 363 1293 412 reproof

72 413 177 452 from
186 414 252 453 the
260 414 286 452 J
287 415 390 454 esuit
400 415 594 466 Raynaud
604 414 621 431 ²³
633 429 642 452 ε
664 414 737 452 Est
748 413 851 452 enim
862 427 925 452 res
935 413 1126 463 longioris
1140 427 1284 465 operae,

72 467 106 504 &
133 466 331 517 integrum
355 467 543 506 volumen
571 465 830 517 deposcentis,
859 465 892 503 si
920 466 1053 504 omnia
1083 480 1174 517 quae
1203 467 1284 513 ille,

70 518 297 557 coniectans
314 519 547 571 plerumque
574 524 691 570 atque
719 518 840 558 odora
867 517 910 555 vi
937 517 1217 566 subolfaciens‚
1236 520 1287 557 ad

70 569 224 621 aliquid
237 571 323 610 aliis
338 571 594 624 scriptoribus
608 570 845 622 (praesertim
858 569 1162 621 Chrysostomo)
1174 571 1285 610 abiu-

72 621 299 671 dicandum,
334 637 414 662 suo
457 629 587 662 autem
624 623 764 661 Ioanni
799 622 944 673 Nepoti
979 622 1286 662 adscribendum

73 674 236 726 profert,
274 681 404 714 essent
435 675 615 714 accurate
652 674 922 713 examinanda.
988 674 1169 714 Clement
1203 676 1285 714 will

69 726 190 765 assist
217 741 266 767 us
291 728 424 778 again:
454 728 608 766 Pierre
632 726 688 764 W
685 727 858 764 astelius
883 740 932 764 en
962 740 985 764 a
1011 727 1083 765 fait
1109 728 1285 767 mention

73 778 170 818 dans
189 793 251 818 ses
270 780 469 819 Vindiciae
487 780 529 818 in
559 779 705 832 quibus
732 778 770 816 J
766 779 894 817 oanni
912 778 1286 830 Hierosolymorum

71 830 260 883 Episcopi
274 831 402 883 Opera
417 833 606 871 hactenus
625 831 825 882 incognita
842 831 1103 870 adstruuntur
1120 834 1187 870 διο.
1215 833 1285 884 qui

76 888 168 921 sont
185 885 209 922 a
226 884 266 922 la
284 885 384 923 suite
402 885 470 924 des
490 884 661 923 Oeuvres
687 884 735 922 de
760 883 874 922 Jean
902 883 939 921 le
961 883 987 921 J
989 884 1284 934 erosolimitain,

75 935 174 987 qu'il
191 950 214 974 a
229 936 409 987 publices
430 938 453 975 a
472 937 677 976 Bruxelles
696 950 746 974 en
767 936 880 973 1643.
897 935 939 974 in
957 935 1045 974 Fol.
1101 936 1164 975 On
1189 950 1238 975 en
1260 952 1283 976 a

64 987 184 1038 ‘copie
200 1001 255 1027 un
271 989 366 1039 long
377 1002 540 1041 passage
555 989 652 1027 dans
666 989 724 1027 les
741 987 1043 1027 Observationes
1060 988 1282 1037 Hallenses‚

73 1038 120 1079 T.
139 1039 217 1079 III.
238 1054 277 1092 p.
297 1041 384 1080 134.
405 1042 503 1080 dont
513 1041 554 1089 je
567 1040 700 1079 tirerai
713 1054 756 1078 ce
772 1040 842 1092 qui
858 1054 922 1079 me
941 1040 1137 1080 convient.
1168 1041 1285 1080 Voici

74 1091 178 1130 donc
196 1099 240 1130 ce
258 1093 358 1144 qu'il
376 1093 455 1132 dit:
486 1093 581 1131 Vidi
609 1106 694 1143 ego,
721 1091 905 1131 manibus
923 1092 1044 1139 tenui,
1064 1095 1096 1131 &
1114 1092 1204 1144 legi,
1223 1094 1283 1133 in-

71 1143 201 1182 dicem
234 1144 350 1184 illum
380 1145 698 1196 expurgatorium
729 1157 836 1183 nouo
871 1145 996 1195 praelo
1031 1144 1280 1190 destinatum,

69 1196 256 1236 omnibus
273 1197 357 1236 eius
374 1196 806 1249 probationibusvirga
837 1196 1014 1235 censoria
1044 1198 1283 1246 cancellatis,

64 1252 116 1286 vt
130 1252 283 1288 tantum
296 1250 416 1289 nudae
431 1250 705 1288 conclusiones
722 1249 764 1287 in
781 1254 982 1300 posterum
993 1249 1260 1299 vulgarentur.
1273 1281 1282 1290 .

67 1298 167 1339 -Post
180 1314 304 1341 annos
319 1315 400 1340 non
417 1302 564 1340 multos
583 1301 886 1353 prudentissime
902 1300 1034 1339 omnia
1053 1302 1284 1353 disponente

65 1350 248 1391 'Ecclesia
260 1354 350 1402 Dei,
364 1354 606 1405 feliciterque
622 1354 843 1393 retardante
863 1352 1063 1403 Belgicam
1080 1354 1192 1394 illam
1206 1355 1281 1394 im-

70 1404 311 1454 pressionem
321 1421 331 1453 3
361 1406 439 1457 legi
456 1406 500 1445 in
517 1406 697 1457 Epistola
708 1437 717 1445 .
733 1436 742 1445 .
764 1405 971 1444 Guidom’s
986 1405 1283 1459 Archiepiscopi

73 1455 326 1506 Rhodiensis,
347 1459 490 1497 Nuntii
511 1472 580 1509 per
606 1458 802 1509 Belgium,
822 1458 913 1496 data
931 1459 994 1496 21.
1015 1457 1104 1498 Jan.
1130 1460 1230 1497 1612
1245 1491 1253 1499 .
1270 1490 1278 1499 .

71 1506 135 1546 De
147 1510 332 1548 mandato
347 1511 584 1549 sanctissimi
599 1510 762 1550 Domini
775 1510 902 1548 nostri
917 1522 1142 1559 suspensus
1157 1525 1283 1563 nuper

35 1599 41 1603 ,
71 1557 162 1607 fuit,
179 1561 230 1600 ob
248 1563 459 1601 nonnullas
476 1563 599 1602 iustas
617 1576 753 1601 causas
768 1562 1069 1613 expurgatorius
1087 1563 1302 1616 librorum,

74 1611 196 1651 index
214 1613 428 1665 impressus
448 1615 588 1653 Romae
610 1615 711 1652 1607
723 1646 732 1653 .
749 1646 757 1654 .
779 1614 974 1653 Eumdem
994 1614 1172 1654 Iudicem
1190 1630 1282 1656 cum

73 1677 177 1703 anno
195 1665 452 1718 subsequenti
469 1667 519 1705 ad
538 1672 576 1705 te
592 1666 709 1706 isthic
731 1666 1037 1718 imprimendum
1055 1668 1281 1707 transmise-

73 1715 162 1763 rim,
189 1730 296 1756 nunc
315 1724 354 1756 te
379 1719 622 1757 monendum
641 1719 790 1769 putavi,
809 1732 922 1757 cures
941 1719 1045 1769 typis
1064 1733 1145 1757 non
1164 1721 1280 1768 tradi,

63 1767 150 1806 ›nisi
169 1769 246 1808 iam
264 1770 432 1809 traditus
452 1771 513 1809 sit.
570 1771 612 1808 Si
642 1784 736 1809 vero
767 1770 970 1821 impressio
1003 1771 1056 1809 sit
1085 1771 1280 1822 absoluta,

61 1819 141 1858 *des
161 1834 332 1872 operam,
351 1828 396 1861 vt
414 1823 546 1861 omnia
563 1823 800 1873 exemplaria
818 1823 1123 1873 supprimantur.

125 1871 306 1913 Struvius
340 1888 428 1925 says
445 1890 453 1913 :
494 1875 784 1926 Papebrochius
821 1875 993 1926 quidem,
1029 1875 1281 1925 probationes

60 1922 164 1964 ⁴iusu
184 1924 505 1977 congregationis
528 1941 651 1967 sacrae
669 1927 758 1966 ideo
774 1927 896 1965 fuisse
925 1927 1157 1966 cancellatas
1185 1942 1279 1967 eon-

1046 1980 1225 2028 iectatur,

75 2092 162 2131 Mag.
179 2093 262 2124 Bibl.
286 2095 394 2125 Colon.
421 2096 513 2126 1618.
539 2093 577 2126 '1'ss
591 2097 647 2127 IV.
672 2108 701 2137 p.
720 2097 800 2134 725;
825 2099 889 2129 and
914 2099 946 2129 ln
971 2099 1058 2130 Max.
1075 2100 1158 2130 Bibl.
1179 2100 1279 2139 ngd.

78 2135 171 2166 1677.
197 2137 233 2166 T.
250 2137 286 2167 v.
303 2148 332 2176 p.
351 2139 422 2168 862.

119 2182 132 2197 Ζ
155 2179 234 2209 Vide
251 2179 366 2210 Bellar.
386 2182 433 2211 De
451 2182 564 2220 Script.
579 2183 669 2213 Eccl.

122 2223 136 2240 ²
159 2222 245 2252 Erot.
264 2223 303 2253 X.
319 2233 348 2262 p.
362 2223 434 2255 287.
462 2225 537 2264 Opp.
556 2225 591 2255 T.
610 2226 667 2255 XI.
