1430 2534
319 254 584 297 Bibliotheca
615 254 758 296 Sanct.
788 256 981 297 Patrum.

101 325 217 362 simus
234 326 326 377 obijt
346 326 456 364 Anno
475 325 632 364 Domini

43 394 51 402 ⁸
110 380 222 417 1033.
257 390 408 418 sanctus
427 381 633 430 Gregorius

101 437 165 469 affl
183 435 364 483 septimus
382 434 494 471 Anno
517 435 631 472 1085.

105 487 314 524 secundum
343 489 531 525 veriorem
549 489 633 524 An-

104 539 256 576 nalium
311 541 600 591 chronoloyiam
622 570 632 587 ‚

1100 256 1185 297 203

704 327 835 376 yinem
872 331 1037 370 annota,
1075 325 1172 369 Qaae
1192 326 1242 363 sit

706 394 792 418 vera
827 393 934 417 mens
964 380 1158 416 verborum
1179 381 1240 416 Ge

704 434 786 485 lasij
832 434 1027 471 docuimus
1055 445 1167 482 supra
1200 433 1240 468 in

706 488 854 537 Alyero
871 500 958 537 cap.
975 487 1014 524 8.
1032 487 1071 523 in
1088 487 1125 522 2.
1147 491 1241 523 nota

705 543 760 578 ad
773 539 911 578 colum.
934 542 1026 578 525.
1046 538 1104 576 D.

103 591 200 630 lund
232 597 320 630 aute
339 602 446 632 extra
464 599 635 632 cotrouer
653 592 998 644 Cap.36.columna
1013 595 1102 631 756.
1122 592 1173 637 D,
1189 594 1244 629 ad

103 647 197 683 siam
211 654 269 683 est
282 648 378 684 librn
388 649 452 684 illu
463 647 632 685 Michro-

103 699 228 748 logum
249 701 295 736 ab
314 700 490 738 Guidone
505 702 550 739 de
569 715 633 739 mu

102 754 416 804 sica—coscriptum
432 755 476 791 ad
490 755 634 793 Thedal

101 806 191 843 dum
203 806 423 858 Episcopum
437 807 635 846 Aretinum

102 858 187 908 loge
195 860 383 898 diuersum
397 874 479 899 esse
492 863 536 899 ab
549 863 635 908 isto,

103 914 198 962 quod
221 914 280 950 bic
298 917 448 964 ponitur
476 914 635 953 Microlo

105 979 151 1015 go
166 994 174 1002 .
187 965 493 1014 CererflAuctore
524 970 637 1006 huius

105 1017 305 1068 Micrologi
335 1029 498 1070 tempore
512 1035 540 1058 s.
557 1021 637 1059 Gre

104 1073 200 1121 gorij
213 1074 360 1121 septimi
373 1076 526 1119 vixisse,
540 1076 638 1112 idem

106 1138 184 1174 cap.
196 1126 418 1164 l4.affirmat
437 1128 497 1164 his
507 1129 640 1171 verbis,

107 1178 212 1215 Nam
248 1181 280 1231 §s
310 1181 377 1218 illi
412 1182 505 1219 Sedi
536 1182 638 1232 Apo-

105 1230 252 1271 stolicae
305 1239 436 1271 nostro
473 1240 640 1284 tempore

103 1283 217 1322 talem
329 1286 641 1326 Gubernatorem

704 648 824 685 verba
839 648 915 685 illa
936 653 1078 690 temtus,
1099 646 1175 684 Sed
1195 647 1241 683 ad

707 702 931 739 infernalem
955 714 1100 751 poenam
1120 700 1243 737 disces

708 763 851 800 serunt,
868 756 906 791 in
915 755 1092 805 maryine
1101 753 1242 798 scribe,

707 811 747 847 in
767 809 988 846 infernalem
1008 821 1153 858 poenam
1174 806 1244 844 rite

706 863 874 912 intellige
888 892 898 908 ,
920 861 1121 899 carcerem
1141 861 1242 898 Lim-

707 916 925 962 biPatrum‚
935 929 1002 953 seu
1015 916 1140 952 sinum
1149 915 1245 952 Abra

712 971 771 1006 hae
788 999 796 1014 ,
816 983 888 1018 quo
907 977 992 1006 ante
1008 968 1151 1005 Christi
1166 980 1247 1005 mor

709 1030 785 1060 tem
807 1024 1028 1059 innocentes
1053 1021 1244 1071 Martyres

711 1075 1000 1119 descenderunt3
1015 1074 1109 1111 vnde
1120 1082 1246 1111 tamen

711 1128 855 1166 Christi
892 1137 1010 1166 morte
1042 1128 1083 1165 in
1111 1129 1246 1165 coelum

713 1183 855 1233 recepti
873 1189 962 1219 sunt
979 1211 988 1219 .

822 1288 866 1326 ln
880 1288 1083 1325 Amalario.

107 1338 334 1377 Rfflwrende
365 1342 528 1401 ianWm
561 1355 638 1379 me·
660 1355 843 1392 Columna
882 1357 970 1392 847.
1002 1354 1050 1391 A.
1075 1359 1167 1404 post
1187 1356 1246 1392 in-

106 1391 240 1429 morice
278 1392 509 1444 Greyorzum
554 1396 639 1433 Pa-

100 1456 195 1494 pam
210 1445 394 1497 imposuit
411 1448 477 1494 ᾇτ’.

53 1524 147 1571 Cap.
174 1521 234 1558 19.
270 1523 443 1560 columna
459 1523 551 1563 741.
575 1523 606 1561 Β
628 1553 638 1569 ,

105 1576 146 1612 in
163 1579 274 1612 textu
293 1604 303 1619 ‚
319 1576 427 1614 lubet
441 1589 638 1615 consecra-

103 1642 143 1666 re
164 1656 174 1672 ‚
208 1631 384 1679 maryine
422 1631 601 1668 adscribe
627 1661 637 1677 ,

105 1681 209 1720 Ordo
222 1681 413 1720 Romanus
432 1696 506 1720 non
525 1697 637 1722 conse

105 1747 208 1772 crare
222 1747 231 1772 :
248 1735 311 1772 sed
323 1737 556 1774 sanctificare
571 1738 637 1774 ha-

105 1788 168 1825 bet
189 1817 199 1831 ‚
236 1791 271 1825 &
296 1789 439 1839 proprie
460 1790 505 1826 ad
529 1803 606 1827 rem
628 1805 638 1835 ;

106 1852 192 1878 nam
213 1842 337 1879 vinum
366 1845 405 1879 in
429 1842 639 1881 parasceue

108 1905 181 1929 non
200 1904 436 1932 consecratur
450 1908 459 1932 :
475 1896 539 1932 sed
554 1909 638 1933 san-

108 1946 292 1983 ctificatur
328 1949 365 1984 in
389 1951 486 1986 iectu
501 1948 640 1999 Corpo-

110 2000 161 2035 ris
181 1998 347 2036 Domini.

56 2073 206 2111 Ibidem
235 2073 290 2109 ad
316 2073 431 2110 verba
456 2074 529 2111 illa
558 2081 641 2114 tex-

112 2131 175 2163 tus
190 2156 198 2170 ‚
221 2126 330 2164 Vnde
346 2129 381 2164 &
405 2126 544 2166 Beatus
562 2129 640 2167 Ge-

109 2180 221 2217 Iasius
247 2180 348 2231 Papa
371 2184 443 2218 &c.
465 2183 519 2219 ad
536 2195 640 2220 mar-

712 1409 923 1459 scriplione
945 1409 1082 1457 Operis
1102 1410 1205 1446 adde
1236 1437 1246 1454 ‚

713 1461 774 1499 De
793 1462 982 1499 Amalario
996 1461 1101 1511 plura
1119 1463 1246 1511 accipe

713 1528 761 1552 ex
805 1514 973 1552 Honorio
1002 1515 1247 1564 Augustudu-

710 1570 818 1606 nensi
838 1570 900 1606 lib.
937 1569 983 1605 de
1003 1569 1249 1606 luminaribus

713 1622 906 1659 Iicclesiae.
929 1622 1116 1671 Sigiberto
1134 1622 1180 1659 de
1193 1624 1246 1658 vi-

710 1677 761 1712 ris
781 1676 985 1713 illustribus
999 1676 1109 1725 capit.
1132 1677 1196 1713 87.
1210 1678 1247 1712 &

713 1729 807 1778 alijs.

769 1794 812 1831 In
829 1793 988 1831 Nicolao
1001 1793 1154 1831 Metho-

895 1848 1005 1884 nensi
1025 1873 1035 1884 .

661 1917 809 1955 Colum.
830 1919 841 1954 1
857 1917 943 1954 145.
960 1916 1007 1962 C,
1022 1923 1113 1967 post
1127 1917 1250 1956 inseri

707 1972 881 2020 plionem
902 1970 995 2008 libri
1009 1984 1170 2020 appone,
1186 1972 1248 2009 Νό

714 2032 751 2060 te
783 2025 897 2061 lateat
915 2025 1030 2062 lector
1051 2025 1249 2062 Nicolaum

716 2077 979 2115 Methonesem
1023 2077 1248 2127 Episcopum

714 2131 854 2168 Graecfi
870 2144 966 2176 esse,
980 2144 1021 2168 ac
1035 2132 1248 2168 schismati-

715 2189 761 2221 οῦ
781 2213 790 2230 ,
825 2184 1041 2233 Ecclesiaeq;
1066 2184 1249 2221 Romauae

1110 2249 1194 2286 per-
