1430 2528
233 241 317 282 ‘210

498 237 696 280 Bibliotla.
720 239 861 280 semet.
886 241 1072 281 Patrum.

179 311 325 349 Cotum.
359 309 444 345 148.
470 308 516 352 C,
546 309 586 344 in
617 314 725 346 textu
748 339 757 354 ,
778 309 1358 359 Col.l49.B‚postinscrz'ptione

229 361 390 399 Tandem
411 362 451 398 in
467 360 656 398 Britannia
673 374 757 398 cru-

229 415 387 457 cifixus,
415 414 544 462 adfiye
574 415 756 462 maryz'nz',

229 466 327 504 istud
339 466 384 504 de
399 466 583 503 Brittania
602 467 759 515 produnt

228 531 372 567 quoque
418 518 665 567 Nicaephorus
687 546 696 563 ,
726 519 756 554 δι

228 571 352 608 Graeci
373 572 411 607 in
432 570 670 619 Menologio:
691 571 755 607 sed

227 635 351 660 carere
377 624 553 659 maiorum
575 624 756 660 auctorita

228 683 263 712 te
290 683 434 712 certum
461 683 546 712 est:
575 677 611 711 &
644 675 754 713 Rom.

219 727 461 770 *Breuiarium
477 729 515 763 in
530 726 679 764 Perside
694 740 755 764 oc-

226 781 397 817 cubuisse
409 780 596 817 Simonem
608 779 754 816 indicat.

237 833 328 869 Vide
359 833 481 869 Notas
508 833 561 868 ad
589 832 754 868 Roman.

225 892 556 941 Martyroloyium
594 892 656 927 28.
703 892 754 929 Ο-

223 953 323 990 ctob.
353 955 384 1004 §j-
414 952 517 989 Tom.
550 953 581 988 l.
611 952 756 989 Amzal.

225 1012 375 1050 Eccles.
403 1026 504 1050 anno
523 1011 674 1048 Christi
690 1014 755 1049 44.

228 1086 316 1123 cap.
338 1075 402 1110 38.

172 1178 314 1216 Ibidem
335 1178 381 1224 G,
405 1179 444 1215 in
468 1177 617 1214 Simone
638 1177 755 1222 Iuda,

224 1243 279 1278 ad
295 1241 412 1279 initia
426 1238 582 1290 Capitis
597 1245 755 1285 amiota,

226 1306 400 1355 Imperite
418 1307 596 1342 comiscet
611 1305 755 1343 Simeo-

226 1372 313 1395 nem
343 1358 567 1407 Episcopum
596 1358 756 1407 lerosoly

225 1413 370 1448 mitanfi
382 1422 465 1446 cum
486 1411 661 1447 Simeone
676 1410 756 1460 Apo

225 1463 333 1506 stolo,
363 1461 395 1496 &
422 1474 507 1498 cum
538 1461 665 1498 Iacobo
690 1463 756 1499 Al-

223 1516 300 1558 faei,
319 1525 431 1550 vnum
446 1540 456 1557 ‚
476 1513 507 1548 &
521 1513 679 1550 eundem
698 1514 752 1551 fa-

224 1570 327 1605 ciens
353 1566 566 1602 Simeonem
603 1565 754 1614 Episco-

222 1632 312 1670 pum
341 1617 696 1666 lerosolymitanum,
719 1622 756 1655 δι

223 1673 415 1710 Simonem
450 1670 665 1719 Apostolum
685 1697 696 1715 ,
724 1671 756 1706 ὃς

225 1725 398 1762 Iacobum
417 1721 527 1760 Alfaei
543 1735 553 1766 ς
574 1735 659 1759 eum
678 1729 754 1760 tres

222 1775 461 1814 diuersissimi
478 1774 631 1812 fuerint.
657 1775 753 1812 Con-

224 1829 307 1866 sule
346 1827 472 1864 Notas
508 1828 562 1864 ad
589 1826 752 1865 Roman.

226 1879 564 1928 Martyroloyium
583 1882 616 1916 l.
635 1879 754 1927 Matj,

830 363 938 399 illam
955 390 964 405 ‚
993 363 1038 399 de
1060 363 1294 412 septuapinta
1318 362 1356 398 di

827 415 978 463 scipulis
999 443 1007 458 ‚
1039 415 1118 452 ista
1152 415 1323 464 adiunge
1344 443 1354 459 ‚

827 466 946 504 Caute
974 467 1149 515 legendus
1175 468 1235 503 hic
1255 467 1356 503 Doro

828 520 903 556 thei
920 520 1061 556 libellus
1072 519 1117 556 de
1135 520 1198 555 72.
1213 518 1355 555 Christi

829 571 1055 621 Discipulis;
1071 584 1155 608 nam
1170 572 1356 620 complura

826 625 990 660 continet
1008 623 1031 660 Ξι
1049 625 1200 661 veritate
1226 625 1356 661 histori

827 689 869 713 ca
884 677 1058 720 aliena3&
1071 677 1355 724 Auctorquoscu

825 741 896 776 que
921 730 1124 765 nominatos
1149 730 1187 764 in
1209 728 1354 777 Episto-

825 781 870 816 lis
881 779 1063 824 Pauli‚eos
1075 781 1111 816 in
1124 786 1280 817 numeru
1294 781 1357 816 72.

828 832 1102 881 Discipulorum
1127 833 1262 883 absque
1286 833 1356 868 alio

826 886 952 921 maiori
967 885 1111 921 delectu
1125 886 1286 922 insercit.
1308 884 1357 921 Et

827 937 912 985 quid
934 938 1049 985 magis
1063 937 1230 980 ridiculss,
1245 936 1357 985 quem

827 990 916 1039 quia
935 989 1073 1026 Paulus
1090 989 1267 1037 PhilipA
1280 990 1354 1033 ait,

829 1041 977 1078 Salutfit
995 1054 1058 1078 vos
1076 1054 1204 1078 omnes
1222 1043 1356 1085 saneti,

827 1093 990 1132 maxime
1017 1100 1141 1131 autem
1165 1095 1228 1142 qui
1247 1094 1292 1131 de
1310 1093 1357 1130 do

829 1159 889 1182 mo
903 1145 1062 1184 Caesaris
1075 1145 1357 1194 suut.Cgsarem

827 1200 923 1235 inter
935 1198 1075 1235 Christi
1090 1200 1150 1234 72.
1163 1199 1254 1235 duos
1265 1198 1357 1235 disci

828 1252 931 1300 pulos
947 1258 1118 1299 cooptare
1134 1279 1144 1295 ‚
1163 1254 1199 1287 δι
1215 1250 1356 1300 Dyrra-

827 1304 900 1353 cbij
915 1316 999 1340 eum
1018 1302 1203 1352 Episcopo
1222 1303 1356 1346 facere:

829 1369 913 1393 cum
927 1360 1084 1392 cosensu
1098 1356 1260 1393 omnium
1279 1355 1358 1392 Pau

827 1408 884 1444 lus
912 1409 1062 1445 salutari
1093 1409 1216 1445 iubeat
1248 1406 1358 1444 Chris

827 1461 966 1499 stianos
982 1489 992 1503 ,
1010 1461 1073 1508 qui
1092 1461 1130 1497 in
1148 1460 1255 1497 domo
1281 1459 1358 1496 Ne-

829 1513 928 1548 ronis
962 1512 1195 1560 Imperatoris
1225 1520 1328 1549 erant
1343 1511 1358 1548 ἲ

827 1563 970 1600 Omitto
997 1572 1124 1601 notare
1151 1564 1222 1600 ulia
1243 1592 1253 1601 .
1389 1580 1395 1587 =

837 1615 927 1652 Vide
951 1616 1052 1652 Tom.
1074 1617 1105 1652 1.
1124 1616 1268 1652 Annal·
1298 1613 1360 1652 Ec

826 1667 917 1705 cles.
934 1681 1034 1705 anno
1053 1668 1198 1705 Christi
1213 1669 1275 1705 33.
1294 1679 1359 1704 ca-

827 1721 903 1769 pit.
924 1721 988 1757 40.
1009 1721 1039 1769 ᾂ
1069 1719 1274 1757 Posseuim'
1307 1721 1360 1757 Sa

831 1785 938 1810 crum
957 1773 1217 1822 Apparatum.

927 1851 971 1888 In
990 1850 1209 1901 Sophronio.

229 1933 291 1970 18.
332 1930 558 1978 Februarij,
588 1934 620 1982 ᾁ·
651 1932 752 1969 Tom.
779 1930 943 1967 col.l35.
966 1928 1109 1971 B.dele
1127 1930 1217 1966 notii
1235 1941 1358 1978 mary-

231 1986 263 2021 l.
298 1982 441 2021 Annal.
472 1979 626 2019 Eccles.
655 1996 755 2021 anno

231 2035 382 2073 Christi
406 2036 471 2071 44.
505 2046 589 2083 cap.
622 2035 686 2072 39.
724 2038 754 2082 A}

229 2088 330 2126 Tom.
347 2089 384 2124 2.
405 2098 504 2123 anno
524 2086 609 2123 109.
624 2100 707 2136 cap.
720 2089 751 2125 1.

224 2143 256 2192 ξ’
275 2153 354 2191 seq.

831 1983 1016 2031 sophronii
1036 1983 1111 2017 viti
1138 1981 1248 2017 habes
1265 1981 1361 2030 apud

835 2034 884 2071 D.
908 2034 1175 2082 Hieronymum
1200 2033 1290 2069 libro
1314 2033 1361 2070 de

831 2087 1070 2134 scriptoribus
1092 2085 1361 2121 Ecclesiasticis

831 2139 874 2175 ad
892 2140 1099 2182 finem,nam
1113 2138 1143 2174 si
1159 2137 1296 2173 Auctor
1311 2138 1361 2172 hu

1252 2200 1309 2224 lus
