<?xml version="1.0" encoding="UTF-8"?>
<!DOCTYPE html PUBLIC "-//W3C//DTD XHTML 1.0 Transitional//EN"
    "http://www.w3.org/TR/xhtml1/DTD/xhtml1-transitional.dtd">
<html xmlns="http://www.w3.org/1999/xhtml" xml:lang="en" lang="en">
 <head>
  <title>
</title>
<meta http-equiv="Content-Type" content="text/html;charset=utf-8" />
  <meta name='ocr-system' content='tesseract 3.04.00' />
  <meta name='ocr-capabilities' content='ocr_page ocr_carea ocr_par ocr_line ocrx_word'/>
</head>
<body>
  <div class='ocr_page' id='page_1' title='image "./exactreprintofro00gibbuoft_0220.png"; bbox 0 0 1430 2534; ppageno 0'>
   <div class='ocr_carea' id='block_1_1' title="bbox 254 241 1114 284">
    <p class='ocr_par' dir='ltr' id='par_1_1' title="bbox 254 241 1114 284">
     <span class='ocr_line' id='line_1_1' title="bbox 254 241 1114 284; baseline -0.001 -1"><span class='ocrx_word' id='word_1_1' title='bbox 254 243 270 283; x_wconf 93' lang='lat'>1</span> <span class='ocrx_word' id='word_1_2' title='bbox 284 243 333 284; x_wconf 87' lang='grc'>12</span> <span class='ocrx_word' id='word_1_3' title='bbox 479 241 741 284; x_wconf 76' lang='lat' dir='ltr'><em>Bibliotheca</em></span> <span class='ocrx_word' id='word_1_4' title='bbox 763 243 903 284; x_wconf 80' lang='lat' dir='ltr'>Sanct.</span> <span class='ocrx_word' id='word_1_5' title='bbox 922 242 1114 284; x_wconf 78' lang='lat' dir='ltr'>Patrum.</span> 
     </span>
    </p>
   </div>
   <div class='ocr_carea' id='block_1_2' title="bbox 184 313 769 1982">
    <p class='ocr_par' dir='ltr' id='par_1_2' title="bbox 237 313 769 1244">
     <span class='ocr_line' id='line_1_2' title="bbox 241 313 768 350; baseline 0 -1"><span class='ocrx_word' id='word_1_6' title='bbox 241 319 327 349; x_wconf 77' lang='lat' dir='ltr'>ante</span> <span class='ocrx_word' id='word_1_7' title='bbox 341 322 478 349; x_wconf 76' lang='lat' dir='ltr'>annum</span> <span class='ocrx_word' id='word_1_8' title='bbox 499 313 561 350; x_wconf 89' lang='lat'>30.</span> <span class='ocrx_word' id='word_1_9' title='bbox 581 313 768 349; x_wconf 82' lang='lat' dir='ltr'>nerninem</span> 
     </span>
     <span class='ocr_line' id='line_1_3' title="bbox 238 364 768 409; baseline -0.002 -7"><span class='ocrx_word' id='word_1_10' title='bbox 238 364 287 402; x_wconf 67' lang='lat' dir='ltr'>nd</span> <span class='ocrx_word' id='word_1_11' title='bbox 307 364 560 402; x_wconf 79' lang='lat' dir='ltr'><strong>Sacerdotium</strong></span> <span class='ocrx_word' id='word_1_12' title='bbox 590 365 768 409; x_wconf 81' lang='lat' dir='ltr'><strong>admittit,</strong></span> 
     </span>
     <span class='ocr_line' id='line_1_4' title="bbox 242 415 767 468; baseline -0.002 -13"><span class='ocrx_word' id='word_1_13' title='bbox 242 420 274 467; x_wconf 62' lang='grc' dir='ltr'>Β]</span> <span class='ocrx_word' id='word_1_14' title='bbox 287 416 349 455; x_wconf 76' lang='lat' dir='ltr'>lit.</span> <span class='ocrx_word' id='word_1_15' title='bbox 369 415 423 462; x_wconf 85' lang='lat' dir='ltr'>E,</span> <span class='ocrx_word' id='word_1_16' title='bbox 432 429 609 468; x_wconf 70' lang='lat' dir='ltr'>ezpunye</span> <span class='ocrx_word' id='word_1_17' title='bbox 624 423 767 462; x_wconf 79' lang='lat' dir='ltr'>notam,</span> 
     </span>
     <span class='ocr_line' id='line_1_5' title="bbox 241 469 769 520; baseline 0 -14"><span class='ocrx_word' id='word_1_18' title='bbox 241 470 408 519; x_wconf 81' lang='lat' dir='ltr'>Apostoli</span> <span class='ocrx_word' id='word_1_19' title='bbox 444 471 484 506; x_wconf 89' lang='lat' dir='ltr'>in</span> <span class='ocrx_word' id='word_1_20' title='bbox 523 469 714 520; x_wconf 79' lang='lat' dir='ltr'>Baptismo</span> <span class='ocrx_word' id='word_1_21' title='bbox 746 470 769 506; x_wconf 63' lang='lat' dir='ltr'>it</span> 
     </span>
     <span class='ocr_line' id='line_1_6' title="bbox 243 521 766 560; baseline 0 -1"><span class='ocrx_word' id='word_1_22' title='bbox 243 521 396 559; x_wconf 75' lang='lat' dir='ltr'>Christo</span> <span class='ocrx_word' id='word_1_23' title='bbox 409 522 567 559; x_wconf 83' lang='lat' dir='ltr'>ordinati</span> <span class='ocrx_word' id='word_1_24' title='bbox 588 530 677 560; x_wconf 90' lang='lat' dir='ltr'>sunt</span> <span class='ocrx_word' id='word_1_25' title='bbox 694 522 766 559; x_wconf 70' lang='lat'>832-</span> 
     </span>
     <span class='ocr_line' id='line_1_7' title="bbox 241 575 768 626; baseline 0 -14"><span class='ocrx_word' id='word_1_26' title='bbox 241 575 424 619; x_wconf 61' lang='lat' dir='ltr'>«semotas,</span> <span class='ocrx_word' id='word_1_27' title='bbox 438 576 470 626; x_wconf 68' lang='grc' dir='ltr'>ᾁ-</span> <span class='ocrx_word' id='word_1_28' title='bbox 481 575 675 612; x_wconf 81' lang='lat' dir='ltr'><em>substitue</em></span> <span class='ocrx_word' id='word_1_29' title='bbox 694 599 705 620; x_wconf 63' lang='lat'>2</span> <span class='ocrx_word' id='word_1_30' title='bbox 718 587 768 612; x_wconf 88' lang='lat' dir='ltr'>no</span> 
     </span>
     <span class='ocr_line' id='line_1_8' title="bbox 241 628 769 676; baseline 0.008 -14"><span class='ocrx_word' id='word_1_31' title='bbox 241 631 283 663; x_wconf 76' lang='lat' dir='ltr'>tu</span> <span class='ocrx_word' id='word_1_32' title='bbox 311 635 369 665; x_wconf 81' lang='lat' dir='ltr'>est</span> <span class='ocrx_word' id='word_1_33' title='bbox 389 628 584 676; x_wconf 77' lang='lat' dir='ltr'>Apostolos</span> <span class='ocrx_word' id='word_1_34' title='bbox 602 630 641 664; x_wconf 88' lang='lat' dir='ltr'>iu</span> <span class='ocrx_word' id='word_1_35' title='bbox 653 628 769 666; x_wconf 85' lang='lat' dir='ltr'>Sacra</span> 
     </span>
     <span class='ocr_line' id='line_1_9' title="bbox 242 678 767 718; baseline 0.002 -2"><span class='ocrx_word' id='word_1_36' title='bbox 242 678 361 718; x_wconf 78' lang='lat' dir='ltr'>Coena</span> <span class='ocrx_word' id='word_1_37' title='bbox 395 680 581 718; x_wconf 81' lang='lat' dir='ltr'>ordinatos</span> <span class='ocrx_word' id='word_1_38' title='bbox 618 683 642 717; x_wconf 72' lang='grc' dir='ltr'>ἐι</span> <span class='ocrx_word' id='word_1_39' title='bbox 673 680 767 717; x_wconf 88' lang='lat' dir='ltr'>Chri</span> 
     </span>
     <span class='ocr_line' id='line_1_10' title="bbox 240 733 765 778; baseline 0.002 -9"><span class='ocrx_word' id='word_1_40' title='bbox 240 739 299 769; x_wconf 82' lang='lat' dir='ltr'>sto</span> <span class='ocrx_word' id='word_1_41' title='bbox 309 733 526 770; x_wconf 80' lang='lat' dir='ltr'>Sacerdotes</span> <span class='ocrx_word' id='word_1_42' title='bbox 542 733 618 770; x_wconf 82' lang='lat' dir='ltr'>illis</span> <span class='ocrx_word' id='word_1_43' title='bbox 632 734 765 778; x_wconf 86' lang='lat' dir='ltr'>verbis,</span> 
     </span>
     <span class='ocr_line' id='line_1_11' title="bbox 239 784 766 834; baseline 0.002 -13"><span class='ocrx_word' id='word_1_44' title='bbox 239 784 308 821; x_wconf 79' lang='lat' dir='ltr'>hoc</span> <span class='ocrx_word' id='word_1_45' title='bbox 325 786 458 834; x_wconf 83' lang='lat' dir='ltr'>facite</span> <span class='ocrx_word' id='word_1_46' title='bbox 480 785 520 822; x_wconf 78' lang='lat' dir='ltr'>in</span> <span class='ocrx_word' id='word_1_47' title='bbox 547 797 669 822; x_wconf 83' lang='lat' dir='ltr'>meam</span> <span class='ocrx_word' id='word_1_48' title='bbox 687 797 766 823; x_wconf 87' lang='lat' dir='ltr'>com</span> 
     </span>
     <span class='ocr_line' id='line_1_12' title="bbox 240 839 766 890; baseline 0.002 -16"><span class='ocrx_word' id='word_1_49' title='bbox 240 839 566 884; x_wconf 82' lang='lat' dir='ltr'><strong><em>memorationem,</em></strong></span> <span class='ocrx_word' id='word_1_50' title='bbox 608 841 674 890; x_wconf 62' lang='lat' dir='ltr'>§sa</span> <span class='ocrx_word' id='word_1_51' title='bbox 722 851 766 875; x_wconf 86' lang='lat' dir='ltr'>ve</span> 
     </span>
     <span class='ocr_line' id='line_1_13' title="bbox 241 889 766 928; baseline 0.004 -2"><span class='ocrx_word' id='word_1_52' title='bbox 241 889 324 926; x_wconf 74' lang='lat' dir='ltr'>rum</span> <span class='ocrx_word' id='word_1_53' title='bbox 353 892 391 927; x_wconf 91' lang='lat' dir='ltr'>in</span> <span class='ocrx_word' id='word_1_54' title='bbox 419 891 478 927; x_wconf 89' lang='lat' dir='ltr'>die</span> <span class='ocrx_word' id='word_1_55' title='bbox 501 890 766 928; x_wconf 81' lang='lat' dir='ltr'>penthecostes</span> 
     </span>
     <span class='ocr_line' id='line_1_14' title="bbox 240 941 766 993; baseline 0.002 -14"><span class='ocrx_word' id='word_1_56' title='bbox 240 941 357 979; x_wconf 87' lang='lat' dir='ltr'>effuso</span> <span class='ocrx_word' id='word_1_57' title='bbox 376 944 412 979; x_wconf 87' lang='lat' dir='ltr'>in</span> <span class='ocrx_word' id='word_1_58' title='bbox 426 955 489 980; x_wconf 91' lang='lat' dir='ltr'>eos</span> <span class='ocrx_word' id='word_1_59' title='bbox 514 955 542 979; x_wconf 87' lang='lat' dir='ltr'>s.</span> <span class='ocrx_word' id='word_1_60' title='bbox 556 943 697 993; x_wconf 86' lang='lat' dir='ltr'>Spiritu</span> <span class='ocrx_word' id='word_1_61' title='bbox 709 957 766 980; x_wconf 89' lang='lat' dir='ltr'>coe</span> 
     </span>
     <span class='ocr_line' id='line_1_15' title="bbox 238 996 765 1044; baseline 0.004 -13"><span class='ocrx_word' id='word_1_62' title='bbox 238 996 336 1044; x_wconf 84' lang='lat' dir='ltr'>pisse</span> <span class='ocrx_word' id='word_1_63' title='bbox 373 996 602 1033; x_wconf 81' lang='lat' dir='ltr'>manifestari</span> <span class='ocrx_word' id='word_1_64' title='bbox 638 1008 765 1033; x_wconf 81' lang='lat' dir='ltr'>eorum</span> 
     </span>
     <span class='ocr_line' id='line_1_16' title="bbox 240 1047 766 1094; baseline 0.002 -10"><span class='ocrx_word' id='word_1_65' title='bbox 240 1047 498 1086; x_wconf 71' lang='lat' dir='ltr'>Sacerdotium</span> <span class='ocrx_word' id='word_1_66' title='bbox 515 1077 525 1094; x_wconf 91' lang='lat'><em>‚</em></span> <span class='ocrx_word' id='word_1_67' title='bbox 558 1051 594 1085; x_wconf 70' lang='grc' dir='ltr'>δε</span> <span class='ocrx_word' id='word_1_68' title='bbox 614 1048 766 1086; x_wconf 84' lang='lat' dir='ltr'>Sacram</span> 
     </span>
     <span class='ocr_line' id='line_1_17' title="bbox 238 1101 763 1150; baseline 0 -12"><span class='ocrx_word' id='word_1_69' title='bbox 238 1101 476 1150; x_wconf 83' lang='lat' dir='ltr'>Apostolatus</span> <span class='ocrx_word' id='word_1_70' title='bbox 522 1102 763 1146; x_wconf 87' lang='lat' dir='ltr'>functionem,</span> 
     </span>
     <span class='ocr_line' id='line_1_18' title="bbox 237 1155 765 1201; baseline 0.004 -12"><span class='ocrx_word' id='word_1_71' title='bbox 237 1162 345 1201; x_wconf 79' lang='lat' dir='ltr'>quani</span> <span class='ocrx_word' id='word_1_72' title='bbox 369 1161 447 1192; x_wconf 83' lang='lat' dir='ltr'>tum</span> <span class='ocrx_word' id='word_1_73' title='bbox 483 1166 657 1193; x_wconf 84' lang='lat' dir='ltr'>exercere</span> <span class='ocrx_word' id='word_1_74' title='bbox 691 1155 765 1191; x_wconf 85' lang='lat' dir='ltr'>orsi</span> 
     </span>
     <span class='ocr_line' id='line_1_19' title="bbox 238 1214 337 1244; baseline 0 -2"><span class='ocrx_word' id='word_1_75' title='bbox 238 1214 337 1244; x_wconf 88' lang='lat' dir='ltr'>sunt.</span> 
     </span>
    </p>

    <p class='ocr_par' dir='ltr' id='par_1_3' title="bbox 186 1255 764 1413">
     <span class='ocr_line' id='line_1_20' title="bbox 186 1255 764 1308; baseline 0.003 -14"><span class='ocrx_word' id='word_1_76' title='bbox 186 1255 574 1308; x_wconf 78' lang='lat' dir='ltr'>cap.16.c0l.831.E‚</span> <span class='ocrx_word' id='word_1_77' title='bbox 591 1260 675 1296; x_wconf 82' lang='lat' dir='ltr'>tolie</span> <span class='ocrx_word' id='word_1_78' title='bbox 684 1259 764 1308; x_wconf 84' lang='lat' dir='ltr'>glos</span> 
     </span>
     <span class='ocr_line' id='line_1_21' title="bbox 239 1311 763 1362; baseline -0.002 -13"><span class='ocrx_word' id='word_1_79' title='bbox 239 1324 333 1358; x_wconf 81' lang='lat' dir='ltr'>sam,</span> <span class='ocrx_word' id='word_1_80' title='bbox 359 1312 528 1362; x_wconf 74' lang='lat' dir='ltr'>Viyilz&#39;us</span> <span class='ocrx_word' id='word_1_81' title='bbox 543 1313 651 1362; x_wconf 79' lang='lat' dir='ltr'>Papa</span> <span class='ocrx_word' id='word_1_82' title='bbox 666 1311 763 1349; x_wconf 86' lang='lat' dir='ltr'>Mar</span> 
     </span>
     <span class='ocr_line' id='line_1_22' title="bbox 241 1370 318 1413; baseline 0.013 -12"><span class='ocrx_word' id='word_1_83' title='bbox 241 1370 318 1413; x_wconf 76' lang='lat' dir='ltr'>tyr.</span> 
     </span>
    </p>

    <p class='ocr_par' dir='ltr' id='par_1_4' title="bbox 184 1415 763 1982">
     <span class='ocr_line' id='line_1_23' title="bbox 184 1415 761 1466; baseline -0.005 -12"><span class='ocrx_word' id='word_1_84' title='bbox 184 1418 319 1455; x_wconf 76' lang='lat' dir='ltr'>colum.</span> <span class='ocrx_word' id='word_1_85' title='bbox 343 1419 432 1456; x_wconf 90' lang='grc'><strong>833.</strong></span> <span class='ocrx_word' id='word_1_86' title='bbox 469 1416 502 1453; x_wconf 87' lang='lat' dir='ltr'><em>C</em></span> <span class='ocrx_word' id='word_1_87' title='bbox 521 1445 531 1461; x_wconf 92' lang='lat'>,</span> <span class='ocrx_word' id='word_1_88' title='bbox 561 1417 614 1452; x_wconf 84' lang='lat' dir='ltr'>ad</span> <span class='ocrx_word' id='word_1_89' title='bbox 635 1415 761 1466; x_wconf 83' lang='lat' dir='ltr'>finem</span> 
     </span>
     <span class='ocr_line' id='line_1_24' title="bbox 241 1468 763 1520; baseline -0.004 -13"><span class='ocrx_word' id='word_1_90' title='bbox 241 1470 401 1520; x_wconf 63' lang='lat' dir='ltr'>ScholzJj,</span> <span class='ocrx_word' id='word_1_91' title='bbox 421 1470 467 1513; x_wconf 91' lang='lat' dir='ltr'>A,</span> <span class='ocrx_word' id='word_1_92' title='bbox 487 1468 650 1517; x_wconf 78' lang='lat' dir='ltr'>adiunge</span> <span class='ocrx_word' id='word_1_93' title='bbox 664 1496 674 1512; x_wconf 93' lang='lat'>,</span> <span class='ocrx_word' id='word_1_94' title='bbox 694 1470 763 1505; x_wconf 83' lang='lat' dir='ltr'>sed</span> 
     </span>
     <span class='ocr_line' id='line_1_25' title="bbox 237 1520 760 1570; baseline -0.004 -11"><span class='ocrx_word' id='word_1_95' title='bbox 237 1525 422 1568; x_wconf 79' lang='lat' dir='ltr'>certiora,</span> <span class='ocrx_word' id='word_1_96' title='bbox 452 1522 486 1570; x_wconf 59' lang='grc' dir='ltr'>ᾇ·</span> <span class='ocrx_word' id='word_1_97' title='bbox 512 1520 691 1558; x_wconf 81' lang='lat' dir='ltr'>vberiora</span> <span class='ocrx_word' id='word_1_98' title='bbox 714 1522 760 1557; x_wconf 85' lang='lat' dir='ltr'>de</span> 
     </span>
     <span class='ocr_line' id='line_1_26' title="bbox 234 1573 760 1623; baseline -0.008 -10"><span class='ocrx_word' id='word_1_99' title='bbox 234 1583 354 1613; x_wconf 78' lang='lat' dir='ltr'>eausa</span> <span class='ocrx_word' id='word_1_100' title='bbox 368 1573 518 1623; x_wconf 59' lang='lat' dir='ltr'>Liberg&#39;j</span> <span class='ocrx_word' id='word_1_101' title='bbox 529 1602 539 1618; x_wconf 91' lang='lat'>,</span> <span class='ocrx_word' id='word_1_102' title='bbox 552 1586 599 1610; x_wconf 89' lang='lat' dir='ltr'>ex</span> <span class='ocrx_word' id='word_1_103' title='bbox 612 1575 760 1622; x_wconf 83' lang='lat' dir='ltr'>magnis</span> 
     </span>
     <span class='ocr_line' id='line_1_27' title="bbox 238 1624 759 1676; baseline -0.008 -10"><span class='ocrx_word' id='word_1_104' title='bbox 238 1629 463 1666; x_wconf 78' lang='lat' dir='ltr'>Auctoribus</span> <span class='ocrx_word' id='word_1_105' title='bbox 476 1627 636 1676; x_wconf 83' lang='lat' dir='ltr'>accipies</span> <span class='ocrx_word' id='word_1_106' title='bbox 649 1624 672 1662; x_wconf 68' lang='grc' dir='ltr'>ὲ</span> <span class='ocrx_word' id='word_1_107' title='bbox 693 1625 759 1663; x_wconf 89' lang='lat' dir='ltr'>Bel</span> 
     </span>
     <span class='ocr_line' id='line_1_28' title="bbox 236 1679 760 1719; baseline -0.01 0"><span class='ocrx_word' id='word_1_108' title='bbox 236 1681 397 1719; x_wconf 77' lang='lat' dir='ltr'>lat-mino</span> <span class='ocrx_word' id='word_1_109' title='bbox 407 1682 470 1719; x_wconf 80' lang='lat' dir='ltr'>lib.</span> <span class='ocrx_word' id='word_1_110' title='bbox 483 1682 519 1717; x_wconf 88' lang='grc'>4.</span> <span class='ocrx_word' id='word_1_111' title='bbox 529 1679 574 1716; x_wconf 86' lang='lat' dir='ltr'>de</span> <span class='ocrx_word' id='word_1_112' title='bbox 590 1679 760 1716; x_wconf 84' lang='lat' dir='ltr'>Romano</span> 
     </span>
     <span class='ocr_line' id='line_1_29' title="bbox 238 1731 761 1784; baseline -0.01 -12"><span class='ocrx_word' id='word_1_113' title='bbox 238 1734 435 1781; x_wconf 83' lang='lat' dir='ltr'>Pontifice,</span> <span class='ocrx_word' id='word_1_114' title='bbox 463 1745 543 1784; x_wconf 86' lang='lat' dir='ltr'>cap.</span> <span class='ocrx_word' id='word_1_115' title='bbox 564 1733 602 1769; x_wconf 86' lang='lat'>9.</span> <span class='ocrx_word' id='word_1_116' title='bbox 630 1731 761 1768; x_wconf 85' lang='lat' dir='ltr'>lodoco</span> 
     </span>
     <span class='ocr_line' id='line_1_30' title="bbox 236 1784 759 1825; baseline -0.01 0"><span class='ocrx_word' id='word_1_117' title='bbox 236 1787 373 1825; x_wconf 88' lang='lat' dir='ltr'>Coccio</span> <span class='ocrx_word' id='word_1_118' title='bbox 389 1787 504 1824; x_wconf 90' lang='lat' dir='ltr'>Tomo</span> <span class='ocrx_word' id='word_1_119' title='bbox 542 1786 577 1822; x_wconf 88' lang='lat'>1.</span> <span class='ocrx_word' id='word_1_120' title='bbox 612 1784 759 1821; x_wconf 81' lang='lat' dir='ltr'>Thesau</span> 
     </span>
     <span class='ocr_line' id='line_1_31' title="bbox 235 1836 758 1882; baseline -0.006 -6"><span class='ocrx_word' id='word_1_121' title='bbox 235 1842 266 1876; x_wconf 86' lang='lat' dir='ltr'>ri</span> <span class='ocrx_word' id='word_1_122' title='bbox 293 1840 477 1878; x_wconf 85' lang='lat' dir='ltr'>Catholici</span> <span class='ocrx_word' id='word_1_123' title='bbox 494 1868 503 1882; x_wconf 82' lang='grc'><strong>.</strong></span> <span class='ocrx_word' id='word_1_124' title='bbox 540 1839 579 1874; x_wconf 82' lang='lat'>&amp;</span> <span class='ocrx_word' id='word_1_125' title='bbox 596 1836 699 1874; x_wconf 84' lang='lat' dir='ltr'>Tom.</span> <span class='ocrx_word' id='word_1_126' title='bbox 722 1838 758 1874; x_wconf 89' lang='lat'>3.</span> 
     </span>
     <span class='ocr_line' id='line_1_32' title="bbox 233 1889 759 1930; baseline -0.01 0"><span class='ocrx_word' id='word_1_127' title='bbox 233 1894 271 1929; x_wconf 71' lang='grc' dir='ltr'>δι</span> <span class='ocrx_word' id='word_1_128' title='bbox 283 1893 466 1930; x_wconf 79' lang='lat' dir='ltr'>4.Annui.</span> <span class='ocrx_word' id='word_1_129' title='bbox 480 1889 759 1928; x_wconf 81' lang='lat' dir='ltr'>Ecclesiastico-</span> 
     </span>
     <span class='ocr_line' id='line_1_33' title="bbox 235 1958 329 1982; baseline -0.011 0"><span class='ocrx_word' id='word_1_130' title='bbox 235 1958 329 1982; x_wconf 87' lang='lat' dir='ltr'>rum.</span> 
     </span>
    </p>
   </div>
   <div class='ocr_carea' id='block_1_3' title="bbox 183 2014 759 2189">
    <p class='ocr_par' dir='ltr' id='par_1_5' title="bbox 183 2014 759 2189">
     <span class='ocr_line' id='line_1_34' title="bbox 183 2014 759 2059; baseline -0.012 0"><span class='ocrx_word' id='word_1_131' title='bbox 183 2020 227 2059; x_wconf 87' lang='lat' dir='ltr'>In</span> <span class='ocrx_word' id='word_1_132' title='bbox 250 2017 469 2057; x_wconf 81' lang='lat' dir='ltr'>Hildeberto</span> <span class='ocrx_word' id='word_1_133' title='bbox 485 2016 694 2054; x_wconf 84' lang='lat' dir='ltr'>Turonensi</span> <span class='ocrx_word' id='word_1_134' title='bbox 706 2014 759 2052; x_wconf 85' lang='lat' dir='ltr'>Ar</span> 
     </span>
     <span class='ocr_line' id='line_1_35' title="bbox 354 2070 598 2122; baseline -0.016 -13"><span class='ocrx_word' id='word_1_135' title='bbox 354 2070 598 2122; x_wconf 82' lang='lat' dir='ltr'>chiepiscopO.</span> 
     </span>
     <span class='ocr_line' id='line_1_36' title="bbox 184 2136 758 2189; baseline -0.016 -7"><span class='ocrx_word' id='word_1_136' title='bbox 184 2144 253 2182; x_wconf 80' lang='lat' dir='ltr'>col.</span> <span class='ocrx_word' id='word_1_137' title='bbox 270 2143 360 2181; x_wconf 89' lang='grc'>881.</span> <span class='ocrx_word' id='word_1_138' title='bbox 383 2143 422 2179; x_wconf 91' lang='lat' dir='ltr'>in</span> <span class='ocrx_word' id='word_1_139' title='bbox 442 2140 656 2189; x_wconf 85' lang='lat' dir='ltr'>insriptione</span> <span class='ocrx_word' id='word_1_140' title='bbox 677 2136 758 2187; x_wconf 84' lang='lat' dir='ltr'>Ope</span> 
     </span>
    </p>
   </div>
   <div class='ocr_carea' id='block_1_4' title="bbox 826 312 1366 1520">
    <p class='ocr_par' dir='ltr' id='par_1_6' title="bbox 826 312 1366 1520">
     <span class='ocr_line' id='line_1_37' title="bbox 837 312 1366 364; baseline 0.002 -15"><span class='ocrx_word' id='word_1_141' title='bbox 837 314 887 350; x_wconf 82' lang='lat' dir='ltr'>ris</span> <span class='ocrx_word' id='word_1_142' title='bbox 902 341 912 359; x_wconf 91' lang='lat'>‚</span> <span class='ocrx_word' id='word_1_143' title='bbox 932 315 967 350; x_wconf 73' lang='grc' dir='ltr'>δι</span> <span class='ocrx_word' id='word_1_144' title='bbox 984 313 1160 364; x_wconf 76' lang='lat' dir='ltr'>deinceps</span> <span class='ocrx_word' id='word_1_145' title='bbox 1179 313 1218 351; x_wconf 84' lang='lat' dir='ltr'>in</span> <span class='ocrx_word' id='word_1_146' title='bbox 1243 312 1366 350; x_wconf 79' lang='lat' dir='ltr'>titulis</span> 
     </span>
     <span class='ocr_line' id='line_1_38' title="bbox 836 364 1358 415; baseline 0.002 -14"><span class='ocrx_word' id='word_1_147' title='bbox 836 367 1012 415; x_wconf 69' lang='lat' dir='ltr'>paginam</span> <span class='ocrx_word' id='word_1_148' title='bbox 1043 377 1179 404; x_wconf 73' lang='lat' dir='ltr'>nomen</span> <span class='ocrx_word' id='word_1_149' title='bbox 1209 364 1358 410; x_wconf 84' lang='lat' dir='ltr'>Sancti,</span> 
     </span>
     <span class='ocr_line' id='line_1_39' title="bbox 836 417 1361 465; baseline 0.002 -11"><span class='ocrx_word' id='word_1_150' title='bbox 836 418 893 455; x_wconf 82' lang='lat' dir='ltr'>vel</span> <span class='ocrx_word' id='word_1_151' title='bbox 938 417 1043 456; x_wconf 78' lang='lat' dir='ltr'>Dim·</span> <span class='ocrx_word' id='word_1_152' title='bbox 1085 447 1094 465; x_wconf 93' lang='lat'>‚</span> <span class='ocrx_word' id='word_1_153' title='bbox 1142 418 1361 455; x_wconf 85' lang='lat' dir='ltr'>Hildeberto</span> 
     </span>
     <span class='ocr_line' id='line_1_40' title="bbox 836 470 1360 521; baseline -0.002 -13"><span class='ocrx_word' id='word_1_154' title='bbox 836 472 1072 521; x_wconf 77' lang='lat' dir='ltr'>praepositum</span> <span class='ocrx_word' id='word_1_155' title='bbox 1106 499 1118 517; x_wconf 88' lang='lat'><strong>,</strong></span> <span class='ocrx_word' id='word_1_156' title='bbox 1148 470 1330 508; x_wconf 82' lang='lat' dir='ltr'>deleatur</span> <span class='ocrx_word' id='word_1_157' title='bbox 1351 499 1360 516; x_wconf 92' lang='lat'><em>‚</em></span> 
     </span>
     <span class='ocr_line' id='line_1_41' title="bbox 836 520 1361 572; baseline 0 -12"><span class='ocrx_word' id='word_1_158' title='bbox 836 535 923 560; x_wconf 86' lang='lat' dir='ltr'>nam</span> <span class='ocrx_word' id='word_1_159' title='bbox 958 524 1021 560; x_wconf 85' lang='lat' dir='ltr'>etfi</span> <span class='ocrx_word' id='word_1_160' title='bbox 1039 524 1095 561; x_wconf 88' lang='lat' dir='ltr'>vir</span> <span class='ocrx_word' id='word_1_161' title='bbox 1113 535 1272 572; x_wconf 86' lang='lat' dir='ltr'>magnus</span> <span class='ocrx_word' id='word_1_162' title='bbox 1293 552 1303 568; x_wconf 84' lang='lat'>‚</span> <span class='ocrx_word' id='word_1_163' title='bbox 1323 520 1361 560; x_wconf 69' lang='lat' dir='ltr'>«Sc</span> 
     </span>
     <span class='ocr_line' id='line_1_42' title="bbox 835 577 1360 614; baseline 0 -2"><span class='ocrx_word' id='word_1_164' title='bbox 835 577 954 613; x_wconf 77' lang='lat' dir='ltr'>clarus</span> <span class='ocrx_word' id='word_1_165' title='bbox 982 589 1068 613; x_wconf 90' lang='lat' dir='ltr'>eum</span> <span class='ocrx_word' id='word_1_166' title='bbox 1107 582 1234 614; x_wconf 82' lang='lat' dir='ltr'>tamen</span> <span class='ocrx_word' id='word_1_167' title='bbox 1269 577 1360 613; x_wconf 84' lang='lat' dir='ltr'>titu-</span> 
     </span>
     <span class='ocr_line' id='line_1_43' title="bbox 833 626 1359 665; baseline 0 0"><span class='ocrx_word' id='word_1_168' title='bbox 833 628 910 665; x_wconf 89' lang='lat' dir='ltr'>lum</span> <span class='ocrx_word' id='word_1_169' title='bbox 940 628 1105 665; x_wconf 87' lang='lat' dir='ltr'>nondum</span> <span class='ocrx_word' id='word_1_170' title='bbox 1131 629 1166 665; x_wconf 88' lang='lat' dir='ltr'>ei</span> <span class='ocrx_word' id='word_1_171' title='bbox 1186 626 1359 665; x_wconf 78' lang='lat' dir='ltr'>Romana</span> 
     </span>
     <span class='ocr_line' id='line_1_44' title="bbox 835 678 1363 730; baseline 0 -12"><span class='ocrx_word' id='word_1_172' title='bbox 835 678 1004 718; x_wconf 79' lang='lat' dir='ltr'>Ecclesia</span> <span class='ocrx_word' id='word_1_173' title='bbox 1043 679 1165 718; x_wconf 82' lang='lat' dir='ltr'>defert</span> <span class='ocrx_word' id='word_1_174' title='bbox 1182 708 1193 726; x_wconf 93' lang='lat'>‚</span> <span class='ocrx_word' id='word_1_175' title='bbox 1215 681 1245 730; x_wconf 61' lang='grc' dir='ltr'>ῥ’</span> <span class='ocrx_word' id='word_1_176' title='bbox 1271 686 1363 730; x_wconf 81' lang='lat' dir='ltr'>post</span> 
     </span>
     <span class='ocr_line' id='line_1_45' title="bbox 830 733 1363 783; baseline 0.004 -15"><span class='ocrx_word' id='word_1_177' title='bbox 830 733 1108 783; x_wconf 69' lang='lat' dir='ltr'>praefationem</span> <span class='ocrx_word' id='word_1_178' title='bbox 1135 734 1212 770; x_wconf 79' lang='lat' dir='ltr'>ista</span> <span class='ocrx_word' id='word_1_179' title='bbox 1240 734 1363 771; x_wconf 79' lang='lat' dir='ltr'>adiun</span> 
     </span>
     <span class='ocr_line' id='line_1_46' title="bbox 834 786 1362 835; baseline -0.002 -12"><span class='ocrx_word' id='word_1_180' title='bbox 834 799 897 835; x_wconf 78' lang='lat' dir='ltr'>ye,</span> <span class='ocrx_word' id='word_1_181' title='bbox 942 786 1036 827; x_wconf 79' lang='lat' dir='ltr'>Quis</span> <span class='ocrx_word' id='word_1_182' title='bbox 1063 793 1201 832; x_wconf 79' lang='lat' dir='ltr'>autem,</span> <span class='ocrx_word' id='word_1_183' title='bbox 1230 787 1362 834; x_wconf 78' lang='lat' dir='ltr'>qualis,</span> 
     </span>
     <span class='ocr_line' id='line_1_47' title="bbox 835 836 1361 888; baseline 0 -13"><span class='ocrx_word' id='word_1_184' title='bbox 835 846 1066 888; x_wconf 87' lang='lat' dir='ltr'>quantusque</span> <span class='ocrx_word' id='word_1_185' title='bbox 1098 837 1212 877; x_wconf 84' lang='lat' dir='ltr'>fuerit</span> <span class='ocrx_word' id='word_1_186' title='bbox 1248 836 1361 876; x_wconf 88' lang='lat' dir='ltr'>Hilde</span> 
     </span>
     <span class='ocr_line' id='line_1_48' title="bbox 835 890 1360 940; baseline 0 -12"><span class='ocrx_word' id='word_1_187' title='bbox 835 891 974 936; x_wconf 83' lang='lat' dir='ltr'>bertus,</span> <span class='ocrx_word' id='word_1_188' title='bbox 1024 892 1145 940; x_wconf 74' lang='lat' dir='ltr'>primu</span> <span class='ocrx_word' id='word_1_189' title='bbox 1176 890 1360 930; x_wconf 86' lang='lat' dir='ltr'>Cenoma-</span> 
     </span>
     <span class='ocr_line' id='line_1_49' title="bbox 836 943 1361 994; baseline 0 -14"><span class='ocrx_word' id='word_1_190' title='bbox 836 944 964 980; x_wconf 78' lang='lat' dir='ltr'>nensis</span> <span class='ocrx_word' id='word_1_191' title='bbox 985 943 1200 993; x_wconf 86' lang='lat' dir='ltr'>Episcopus,</span> <span class='ocrx_word' id='word_1_192' title='bbox 1217 951 1361 994; x_wconf 79' lang='lat' dir='ltr'>postmo</span> 
     </span>
     <span class='ocr_line' id='line_1_50' title="bbox 834 995 1360 1034; baseline 0 -1"><span class='ocrx_word' id='word_1_193' title='bbox 834 996 923 1033; x_wconf 91' lang='lat' dir='ltr'>dum</span> <span class='ocrx_word' id='word_1_194' title='bbox 965 995 1191 1034; x_wconf 78' lang='lat' dir='ltr'>Turonensis</span> <span class='ocrx_word' id='word_1_195' title='bbox 1225 996 1360 1034; x_wconf 84' lang='lat' dir='ltr'>Archi-</span> 
     </span>
     <span class='ocr_line' id='line_1_51' title="bbox 835 1047 1360 1099; baseline 0 -14"><span class='ocrx_word' id='word_1_196' title='bbox 835 1050 1026 1099; x_wconf 86' lang='lat' dir='ltr'>episcopus</span> <span class='ocrx_word' id='word_1_197' title='bbox 1045 1077 1055 1092; x_wconf 93' lang='lat'>,</span> <span class='ocrx_word' id='word_1_198' title='bbox 1091 1061 1111 1085; x_wconf 88' lang='lat' dir='ltr'>e</span> <span class='ocrx_word' id='word_1_199' title='bbox 1154 1047 1267 1088; x_wconf 83' lang='lat' dir='ltr'>Tomo</span> <span class='ocrx_word' id='word_1_200' title='bbox 1298 1050 1360 1086; x_wconf 87' lang='lat' dir='ltr'>ll.</span> 
     </span>
     <span class='ocr_line' id='line_1_52' title="bbox 836 1098 1357 1153; baseline 0.002 -16"><span class='ocrx_word' id='word_1_201' title='bbox 836 1102 868 1153; x_wconf 60' lang='lat'>{5-</span> <span class='ocrx_word' id='word_1_202' title='bbox 901 1101 947 1138; x_wconf 85' lang='lat'>12</span> <span class='ocrx_word' id='word_1_203' title='bbox 980 1101 1191 1139; x_wconf 78' lang='lat' dir='ltr'>Annalium</span> <span class='ocrx_word' id='word_1_204' title='bbox 1219 1098 1357 1139; x_wconf 84' lang='lat' dir='ltr'>Eccle-</span> 
     </span>
     <span class='ocr_line' id='line_1_53' title="bbox 835 1154 1362 1202; baseline -0.002 -11"><span class='ocrx_word' id='word_1_205' title='bbox 835 1154 1082 1192; x_wconf 77' lang='lat' dir='ltr'>siasticoru‘m</span> <span class='ocrx_word' id='word_1_206' title='bbox 1099 1154 1245 1202; x_wconf 77' lang='lat' dir='ltr'>poteris</span> <span class='ocrx_word' id='word_1_207' title='bbox 1261 1154 1362 1191; x_wconf 77' lang='lat' dir='ltr'>intel</span> 
     </span>
     <span class='ocr_line' id='line_1_54' title="bbox 836 1205 1358 1256; baseline 0.002 -14"><span class='ocrx_word' id='word_1_208' title='bbox 836 1205 980 1256; x_wconf 75' lang='lat' dir='ltr'>liyere,</span> <span class='ocrx_word' id='word_1_209' title='bbox 1015 1206 1158 1244; x_wconf 70' lang='lat' dir='ltr'>Floruit</span> <span class='ocrx_word' id='word_1_210' title='bbox 1195 1213 1358 1255; x_wconf 82' lang='lat' dir='ltr'>tempore</span> 
     </span>
     <span class='ocr_line' id='line_1_55' title="bbox 833 1258 1360 1308; baseline 0 -13"><span class='ocrx_word' id='word_1_211' title='bbox 833 1259 1002 1296; x_wconf 89' lang='lat' dir='ltr'>Anselmi</span> <span class='ocrx_word' id='word_1_212' title='bbox 1013 1259 1276 1297; x_wconf 63' lang='lat' dir='ltr'>Cantuarifisis</span> <span class='ocrx_word' id='word_1_213' title='bbox 1288 1258 1360 1308; x_wconf 85' lang='lat' dir='ltr'>Epi</span> 
     </span>
     <span class='ocr_line' id='line_1_56' title="bbox 834 1310 1358 1361; baseline 0.002 -13"><span class='ocrx_word' id='word_1_214' title='bbox 834 1312 949 1361; x_wconf 87' lang='lat' dir='ltr'>scopi,</span> <span class='ocrx_word' id='word_1_215' title='bbox 977 1313 1013 1349; x_wconf 89' lang='lat'>&amp;</span> <span class='ocrx_word' id='word_1_216' title='bbox 1030 1311 1170 1348; x_wconf 81' lang='lat' dir='ltr'>Vrbani</span> <span class='ocrx_word' id='word_1_217' title='bbox 1203 1310 1252 1348; x_wconf 84' lang='grc' dir='ltr'>ΙΙ.</span> <span class='ocrx_word' id='word_1_218' title='bbox 1269 1313 1358 1349; x_wconf 86' lang='lat' dir='ltr'>circi</span> 
     </span>
     <span class='ocr_line' id='line_1_57' title="bbox 834 1364 1358 1402; baseline 0.002 -1"><span class='ocrx_word' id='word_1_219' title='bbox 834 1371 891 1402; x_wconf 86' lang='lat' dir='ltr'>ter</span> <span class='ocrx_word' id='word_1_220' title='bbox 918 1369 1018 1401; x_wconf 70' lang='lat' dir='ltr'>annu</span> <span class='ocrx_word' id='word_1_221' title='bbox 1055 1364 1210 1401; x_wconf 90' lang='lat' dir='ltr'>Domini</span> <span class='ocrx_word' id='word_1_222' title='bbox 1243 1365 1358 1402; x_wconf 87' lang='lat'>1100.</span> 
     </span>
     <span class='ocr_line' id='line_1_58' title="bbox 826 1414 1356 1466; baseline 0 -13"><span class='ocrx_word' id='word_1_223' title='bbox 826 1417 1069 1466; x_wconf 80' lang='lat' dir='ltr'>Temporibus</span> <span class='ocrx_word' id='word_1_224' title='bbox 1104 1427 1228 1465; x_wconf 77' lang='lat' dir='ltr'>quoq:</span> <span class='ocrx_word' id='word_1_225' title='bbox 1277 1414 1356 1453; x_wconf 90' lang='lat' dir='ltr'>Ho-</span> 
     </span>
     <span class='ocr_line' id='line_1_59' title="bbox 833 1468 1355 1520; baseline 0 -14"><span class='ocrx_word' id='word_1_226' title='bbox 833 1470 923 1520; x_wconf 80' lang='lat' dir='ltr'>norij</span> <span class='ocrx_word' id='word_1_227' title='bbox 942 1469 1114 1507; x_wconf 78' lang='lat' dir='ltr'>ILclarus</span> <span class='ocrx_word' id='word_1_228' title='bbox 1129 1476 1187 1506; x_wconf 86' lang='lat' dir='ltr'>est</span> <span class='ocrx_word' id='word_1_229' title='bbox 1198 1468 1355 1506; x_wconf 83' lang='lat' dir='ltr'>habitus.</span> 
     </span>
    </p>
   </div>
   <div class='ocr_carea' id='block_1_5' title="bbox 938 1585 1223 1698">
    <p class='ocr_par' dir='ltr' id='par_1_7' title="bbox 938 1585 1223 1698">
     <span class='ocr_line' id='line_1_60' title="bbox 938 1585 1223 1625; baseline -0.004 0"><span class='ocrx_word' id='word_1_230' title='bbox 938 1587 982 1625; x_wconf 90' lang='lat' dir='ltr'>In</span> <span class='ocrx_word' id='word_1_231' title='bbox 1000 1599 1032 1624; x_wconf 91' lang='lat' dir='ltr'>s.</span> <span class='ocrx_word' id='word_1_232' title='bbox 1053 1585 1223 1624; x_wconf 86' lang='lat' dir='ltr'>Aldelmo</span> 
     </span>
     <span class='ocr_line' id='line_1_61' title="bbox 991 1645 1186 1698; baseline -0.005 -13"><span class='ocrx_word' id='word_1_233' title='bbox 991 1645 1186 1698; x_wconf 88' lang='lat' dir='ltr'>Episcopo.</span> 
     </span>
    </p>
   </div>
   <div class='ocr_carea' id='block_1_6' title="bbox 779 1762 1356 1813">
    <p class='ocr_par' dir='ltr' id='par_1_8' title="bbox 779 1762 1356 1813">
     <span class='ocr_line' id='line_1_62' title="bbox 779 1762 1356 1813; baseline -0.009 -9"><span class='ocrx_word' id='word_1_234' title='bbox 779 1765 1038 1805; x_wconf 79' lang='lat' dir='ltr'>colum-1005.</span> <span class='ocrx_word' id='word_1_235' title='bbox 1054 1762 1104 1808; x_wconf 88' lang='lat' dir='ltr'>B,</span> <span class='ocrx_word' id='word_1_236' title='bbox 1114 1767 1206 1813; x_wconf 75' lang='lat' dir='ltr'>post</span> <span class='ocrx_word' id='word_1_237' title='bbox 1219 1762 1356 1800; x_wconf 77' lang='lat' dir='ltr'>inscri-</span> 
     </span>
    </p>
   </div>
   <div class='ocr_carea' id='block_1_7' title="bbox 827 1815 1358 2120">
    <p class='ocr_par' dir='ltr' id='par_1_9' title="bbox 827 1815 1358 2120">
     <span class='ocr_line' id='line_1_63' title="bbox 827 1815 1358 1869; baseline -0.008 -13"><span class='ocrx_word' id='word_1_238' title='bbox 827 1818 961 1869; x_wconf 62' lang='lat' dir='ltr'>ption&amp;</span> <span class='ocrx_word' id='word_1_239' title='bbox 971 1815 1110 1867; x_wconf 81' lang='lat' dir='ltr'>Operis</span> <span class='ocrx_word' id='word_1_240' title='bbox 1123 1816 1199 1852; x_wconf 84' lang='lat' dir='ltr'>ista</span> <span class='ocrx_word' id='word_1_241' title='bbox 1214 1815 1358 1853; x_wconf 77' lang='lat' dir='ltr'>subiwt</span> 
     </span>
     <span class='ocr_line' id='line_1_64' title="bbox 831 1867 1358 1921; baseline -0.004 -13"><span class='ocrx_word' id='word_1_242' title='bbox 831 1885 893 1921; x_wconf 86' lang='lat' dir='ltr'>9e,</span> <span class='ocrx_word' id='word_1_243' title='bbox 914 1870 1000 1908; x_wconf 88' lang='lat' dir='ltr'>Fuit</span> <span class='ocrx_word' id='word_1_244' title='bbox 1013 1883 1045 1908; x_wconf 87' lang='lat' dir='ltr'>s.</span> <span class='ocrx_word' id='word_1_245' title='bbox 1064 1868 1253 1906; x_wconf 77' lang='lat' dir='ltr'>Aldelmus</span> <span class='ocrx_word' id='word_1_246' title='bbox 1265 1867 1358 1906; x_wconf 86' lang='lat' dir='ltr'>Schi</span> 
     </span>
     <span class='ocr_line' id='line_1_65' title="bbox 831 1919 1355 1972; baseline -0.011 -10"><span class='ocrx_word' id='word_1_247' title='bbox 831 1923 1060 1972; x_wconf 72' lang='lat' dir='ltr'>riburgensis</span> <span class='ocrx_word' id='word_1_248' title='bbox 1078 1923 1114 1959; x_wconf 85' lang='lat' dir='ltr'>in</span> <span class='ocrx_word' id='word_1_249' title='bbox 1133 1919 1272 1970; x_wconf 79' lang='lat' dir='ltr'>Anglin</span> <span class='ocrx_word' id='word_1_250' title='bbox 1285 1920 1355 1971; x_wconf 87' lang='lat' dir='ltr'>Epi</span> 
     </span>
     <span class='ocr_line' id='line_1_66' title="bbox 833 1975 1353 2026; baseline -0.008 -12"><span class='ocrx_word' id='word_1_251' title='bbox 833 1989 964 2026; x_wconf 83' lang='lat' dir='ltr'>scopus</span> <span class='ocrx_word' id='word_1_252' title='bbox 977 1975 1153 2018; x_wconf 76' lang='lat' dir='ltr'>doctrina.</span> <span class='ocrx_word' id='word_1_253' title='bbox 1168 1975 1203 2010; x_wconf 71' lang='grc' dir='ltr'>δι</span> <span class='ocrx_word' id='word_1_254' title='bbox 1215 1975 1353 2010; x_wconf 73' lang='lat' dir='ltr'>sancti-</span> 
     </span>
     <span class='ocr_line' id='line_1_67' title="bbox 832 2025 1353 2071; baseline -0.01 -4"><span class='ocrx_word' id='word_1_255' title='bbox 832 2037 907 2068; x_wconf 76' lang='lat' dir='ltr'>tate</span> <span class='ocrx_word' id='word_1_256' title='bbox 938 2029 1090 2066; x_wconf 77' lang='lat' dir='ltr'>illustris</span> <span class='ocrx_word' id='word_1_257' title='bbox 1111 2054 1122 2071; x_wconf 85' lang='lat'>,</span> <span class='ocrx_word' id='word_1_258' title='bbox 1157 2025 1264 2064; x_wconf 86' lang='lat' dir='ltr'>cuius</span> <span class='ocrx_word' id='word_1_259' title='bbox 1287 2039 1353 2063; x_wconf 83' lang='lat' dir='ltr'>na-</span> 
     </span>
     <span class='ocr_line' id='line_1_68' title="bbox 832 2081 1353 2120; baseline -0.012 0"><span class='ocrx_word' id='word_1_260' title='bbox 832 2082 915 2120; x_wconf 77' lang='lat' dir='ltr'>tulis</span> <span class='ocrx_word' id='word_1_261' title='bbox 962 2081 1042 2119; x_wconf 84' lang='lat' dir='ltr'>dies</span> <span class='ocrx_word' id='word_1_262' title='bbox 1086 2081 1184 2117; x_wconf 83' lang='lat' dir='ltr'>inter</span> <span class='ocrx_word' id='word_1_263' title='bbox 1231 2090 1353 2116; x_wconf 77' lang='lat' dir='ltr'>sacros</span> 
     </span>
    </p>
   </div>
   <div class='ocr_carea' id='block_1_8' title="bbox 832 2131 1352 2220">
    <p class='ocr_par' dir='ltr' id='par_1_10' title="bbox 832 2131 1352 2220">
     <span class='ocr_line' id='line_1_69' title="bbox 832 2131 1352 2220; baseline -0.008 -49"><span class='ocrx_word' id='word_1_264' title='bbox 832 2135 1086 2185; x_wconf 78' lang='lat' dir='ltr'>consignatus,</span> <span class='ocrx_word' id='word_1_265' title='bbox 1109 2131 1291 2220; x_wconf 49' lang='lat' dir='ltr'>Habetzr</span> <span class='ocrx_word' id='word_1_266' title='bbox 1313 2132 1352 2167; x_wconf 81' lang='lat' dir='ltr'>in</span> 
     </span>
     <span class='ocr_line' id='line_1_70' title="bbox 1278 2196 1298 2219; baseline 0 0"><span class='ocrx_word' id='word_1_267' title='bbox 1278 2196 1298 2219; x_wconf 92' lang='grc' dir='ltr'><em>ο</em></span> 
     </span>
    </p>
   </div>
  </div>
 </body>
</html>
