1430 2534
238 246 293 292 86

462 246 731 290 Bibliotheca
748 244 890 285 Sanc&
908 239 1101 284 Patrum.

233 322 377 366 innuit,
398 319 546 358 ioannis
566 319 759 369 Baptismss
829 314 874 352 In
911 314 1105 352 Machario
1140 314 1328 364 Aegyptio
1345 341 1354 350 .

233 375 417 411 excitasse
447 373 616 409 homines
634 371 679 408 ad
698 383 758 407 ve·
778 367 847 406 col.
861 367 938 403 295
950 368 1280 418 post'praesalionfz
1297 366 1357 403 Io·
1424 380 1430 413 3

831 420 944 455 annis
958 416 1052 455 Pia·
1063 419 1165 455 adde
1179 447 1188 462 ‚
1208 426 1357 467 vterque
1423 420 1430 474 j

233 439 310 463 ram
357 427 609 475 poenitentiam
642 451 651 468 ‚
698 435 763 472 per

232 488 341 527 quam
378 485 529 527 peccata
572 476 763 513 condonan

234 539 295 568 tur
316 559 325 575 ‚
362 530 514 567 consule
533 527 764 566 recentiores

234 595 252 620 s
277 583 424 619 Tkomae
442 582 676 634 interpretes
704 592 763 617 eo-

232 636 317 673 dem
333 635 426 672 loco.

183 761 226 802 ln
255 763 299 802 S.
337 762 551 800 Gaudentio
574 761 765 801 Brixiensi

380 814 573 865 Episcopo.

183 931 317 972 colum.
337 933 427 972 209.
442 941 531 984 post
548 934 766 988 inscriptio-

239 999 322 1024 nem
358 987 495 1037 Operis
525 988 604 1025 ista
641 989 766 1035 adde,

238 1041 422 1076 successit
457 1040 496 1078 S.
528 1040 767 1078 Gaudentius

239 1093 280 1128 in
326 1091 550 1142 Episcopatu
587 1093 768 1130 Ecclesiae

240 1143 452 1182 Brixiensis
471 1145 510 1182 S.
540 1145 740 1182 Philastrio
758 1173 767 1190 ,

239 1198 346 1234 cuius
392 1198 605 1235 memoriam
650 1198 769 1235 Roma

237 1261 329 1287 num
366 1248 678 1300 Martyrologium
706 1252 769 1287 25.

241 1301 396 1340 Octobr.
418 1304 487 1339 hoc
514 1303 633 1352 elogio
663 1306 770 1339 coser

239 1361 305 1391 uat
324 1354 467 1392 Brixiae
483 1357 616 1392 natalis
633 1367 664 1391 s,
685 1354 769 1392 Gau

241 1405 356 1455 dentij
391 1405 564 1456 Episcopi
595 1407 769 1444 eruditio-

240 1471 288 1495 ne
307 1461 343 1494 δι
355 1460 550 1496 sanctitate
567 1460 770 1509 conspicui,

239 1510 286 1547 de
319 1522 395 1560 quo
419 1509 535 1560 plura
571 1523 620 1548 ea·
648 1513 771 1560 ipsius

241 1564 402 1611 scriptis
450 1569 634 1614 eoecerpta
678 1577 770 1612 pro-

242 1615 365 1651 datur
397 1615 437 1651 in
460 1612 601 1652 Annal.
624 1613 769 1653 Eccles.

247 1664 352 1704 Tom.
367 1668 406 1703 4.
424 1677 523 1704 anno
543 1667 631 1705 386.
653 1672 770 1705 tract.

244 1719 327 1756 8.in
342 1718 469 1756 Eaeod.
484 1721 553 1770 qui
565 1725 621 1757 est
635 1715 770 1757 ordine

248 1772 308 1808 10.
329 1769 398 1808 col.
421 1772 511 1809 257.
532 1772 582 1818 A,
599 1773 638 1809 in
655 1770 769 1822 yloss.

242 1834 367 1873 mary.
406 1828 494 1873 post
524 1823 641 1861 verba
671 1822 739 1862 illa
761 1853 770 1871 ‚

242 1884 351 1924 qu0q;
383 1878 502 1912 visum
530 1885 610 1923 est,
639 1877 739 1914 adde
760 1906 770 1922 ‚

244 1927 310 1964 sed
327 1940 399 1976 qua
427 1929 567 1965 ratione
596 1930 645 1965 sit
663 1928 770 1966 intel-

242 1979 393 2028 ligenda
412 1980 481 2016 ista
500 1982 685 2018 sententia
700 2009 709 2023 ,
726 1982 772 2018 do

243 2039 348 2068 cetur
366 2031 527 2076 abunde,
548 2035 772 2082 supracitato

245 2081 311 2120 lib.
334 2087 368 2120 1.
382 2084 677 2123 deAnlickristv
686 2098 770 2136 cap.

244 2136 307 2172 28.
327 2137 392 2174 29.
411 2136 474 2173 30.

831 470 1052 508 Macharius
1074 498 1083 515 ,
1103 472 1139 506 δι
1158 471 1218 507 ille
1235 472 1360 507 senior

834 522 1059 571 Aegyptius,
1080 525 1116 559 &
1135 523 1227 559 alter
1245 524 1305 559 iile
1325 524 1363 558 iu

833 575 915 611 nior
950 574 1226 612 Alexandrinus
1263 576 1360 612 inter

833 627 922 663 alios
942 626 1098 664 Sanctos
1127 627 1295 678 inscripti
1309 628 1358 663 ha

1424 483 1430 515 i

1420 517 1430 608 ἕ

833 679 967 716 bentur
998 679 1165 716 Romano
1198 679 1364 729 Martyro
1427 695 1430 697 ·

833 732 932 780 logio
951 760 961 776 ‚
989 731 1198 781 Aegyptius
1220 734 1281 769 15.
1306 732 1364 769 Ia-

831 784 950 833 nuarij
973 812 982 829 ‚
1022 787 1059 820 δε
1087 784 1363 821 Alexandrinus
1426 795 1428 797 ·

835 837 874 873 2.
893 835 1065 886 lanuarij,
1077 837 1142 873 sed
1157 838 1364 887 Aegyptius

836 901 920 925 cum
940 889 1010 925 hoc
1029 889 1163 938 elogio,
1188 890 1228 926 in
1248 891 1360 938 Aeyy
1428 903 1430 905 ¹

829 946 902 989 pto
915 951 945 978 8.
966 940 1145 990 Macarzj
1158 941 1244 978 Abb
1263 942 1364 979 disci

831 992 923 1042 puli
943 993 1062 1029 Beati
1084 993 1260 1042 Ανιτυηῇ,
1279 993 1363 1031 vita

837 1049 875 1082 et
889 1044 1093 1082 miraculis
1112 1045 1362 1091 celeberrimi,

839 1097 886 1135 de
900 1097 1042 1134 duobus
1061 1098 1120 1134 his
1136 1097 1338 1147 Macharijs
1354 1126 1364 1143 ,

839 1157 878 1187 vt
893 1150 1003 1186 etiam
1023 1149 1070 1187 de
1089 1151 1169 1200 alijs
1197 1150 1363 1187 eiusdem

838 1203 998 1239 nominis
1033 1203 1149 1239 muita
1175 1215 1222 1239 ex
1241 1203 1365 1252 vai-ijs,
1428 1219 1430 1222 ¹

839 1254 1019 1303 idoneisd:
1039 1254 1368 1304 Auctoribus,quos

837 1314 937 1344 notae
949 1306 993 1342 ad
1009 1306 1163 1344 Roman.
1182 1307 1367 1357 Martyro-

836 1359 975 1407 logium
987 1361 1024 1395 2.
1041 1359 1202 1409 Ianuarij
1215 1360 1368 1404 indicat,
1425 1381 1430 1406 ς

839 1424 1061 1460 cognoscere
1079 1413 1237 1462 poteris:
1257 1411 1367 1455 Quod

841 1466 974 1501 attinet
987 1464 1030 1500 ad
1044 1466 1180 1513 scripta
1191 1464 1367 1502 s.Macba

838 1516 881 1565 rij
910 1514 1084 1565 Aegyptij
1118 1517 1198 1553 haec
1229 1516 1275 1553 de
1307 1518 1369 1554 ino

841 1568 960 1617 prodit
978 1567 1196 1605 Gennadius
1215 1570 1252 1605 in
1276 1568 1372 1606 Cata
1428 1588 1430 1590 ·

840 1619 923 1667 logo
934 1631 1014 1668 cap.
1034 1619 1094 1657 10.
1108 1633 1215 1657 vnam
1229 1622 1371 1658 tannim

841 1671 885 1708 ad
895 1673 1047 1708 iunioris
1057 1674 1296 1722 professionis
1304 1685 1370 1721 sug
1428 1719 1430 1721 ι

842 1724 987 1773 scripsit
1002 1723 1200 1773 Epistolam
1219 1754 1228 1769 ,
1248 1726 1286 1761 in
1299 1737 1372 1774 qua

841 1775 950 1812 docet
968 1777 1067 1812 illum
1083 1775 1247 1826 perfecte
1266 1789 1372 1827 posse

841 1830 981 1865 seruire
995 1829 1077 1866 Deo
1092 1858 1100 1875 ‚
1116 1831 1177 1878 qui
1195 1830 1374 1867 conditio-

840 1893 925 1917 nem
939 1882 1139 1934 creatiopis
1150 1894 1372 1932 suaecogno-
1425 1894 1430 1923 ἰ

841 1935 923 1969 δεῦε
935 1933 978 1970 ad
991 1946 1119 1971 omnes
1133 1936 1371 1984 semetipsum

841 1986 1077 2023 inclinauerit
1091 1987 1232 2024 iabores
1243 2016 1251 2031 ‚
1265 1990 1300 2024 δι
1316 1988 1372 2023 lu-

842 2037 976 2075 ctando
994 2047 1067 2087 atq:
1091 2037 1162 2076 Dei
1190 2040 1372 2076 auxilium
1425 2028 1430 2048 ⁵

843 2089 1022 2127 aduersus
1041 2103 1170 2128 omnes
1187 2118 1196 2136 ,
1217 2091 1312 2140 quod
1333 2092 1371 2128 in

844 2143 912 2178 hac
930 2143 1005 2180 vita
1018 2155 1130 2181 suaue
1146 2149 1203 2181 est
1218 2171 1227 2188 ,
1247 2144 1373 2192 explo-

1197 2195 1320 2240 rando,
