1474 2534
401 234 565 277 Beatus
587 233 833 276 Rhenanus.

70 305 292 345 'rei-tulliani
316 306 443 352 verba,
461 306 611 346 oblatio

12 364 141 397 ‘funes
157 371 230 409 pro
248 358 465 409 defunctis,
487 356 613 398 delea‘t‘

13 435 19 444 ·
34 418 37 419 ’
59 434 62 438 ·
78 411 184 458 illud,
198 413 298 450 vnde
315 414 612 451 anniuersario-

18 486 22 490 =
78 478 167 503 rum
182 470 357 512 sacrorn,
374 479 459 504 cum
473 466 613 505 eleemo

79 520 419 571 synis,ori90,quoe
429 522 614 570 apndnos

71 577 269 622 perpetua
330 574 613 620 instituuntur,

77 625 247 663 deleatur
269 626 383 664 etiam
395 628 527 664 similis
546 641 613 665 an-

16 684 28 687 ”
79 680 220 717 notatio
234 680 450 729 marginalis
468 682 507 719 in
520 681 614 718 libro

78 731 126 770 de
138 731 394 783 Monogamia,
413 747 461 771 ex
473 735 612 771 omnib.

13 809 15 812 -
78 785 400 876 pnpressionibusi,
418 788 481 826 vbi
494 789 616 839 posita

97 839 193 877 uerit

14 888 169 930 „Ibidem
184 905 288 931 num.
303 893 345 931 9.
355 894 395 932 in
409 893 474 931 illa
489 893 614 940 verba,

75 947 388 997 conquirendum
415 960 468 983 an
496 947 538 983 in
558 952 616 984 tot

85 998 240 1036 Christi
264 999 364 1036 mili..
390 999 559 1036 deleatur
579 1007 616 1036 to

81 1057 121 1088 ta
147 1053 336 1089 annotatio
358 1064 451 1101 vsq3
481 1052 526 1089 ad
553 1054 617 1089 illa

82 1105 208 1150 verba,
223 1105 429 1155 Apostolos
447 1105 558 1143 nobis
576 1119 617 1143 re

19 1191 24 1198 ,
75 1163 366 1206 presentantes.

29 1209 282 1260 Argumetum
291 1212 377 1249 libri
388 1210 434 1248 de
442 1210 618 1261 Poeniten

83 1265 149 1310 tia,
162 1271 280 1302 totum
291 1270 514 1316 expfigatur,
531 1278 618 1303 nam

85 1317 239 1356 comode
257 1319 450 1369 repurgari
469 1323 520 1355 n6
539 1323 616 1369 p6t.

32 1383 77 1422 In
89 1386 388 1435 annotationibus
402 1387 440 1423 in
456 1386 616 1423 eundem

85 1438 220 1476 librum
244 1439 290 1476 de
318 1438 557 1485 Poenitentia,
578 1441 616 1477 in

24 1534 31 1543 ι
85 1491 172 1540 fine,
192 1492 358 1530 deleatur
383 1493 531 1542 integra
549 1506 615 1530 an-

85 1546 226 1583 notatio
257 1547 295 1583 in
324 1547 388 1586 illa
408 1547 535 1592 verba,
556 1547 615 1583 in-

86 1598 229 1636 stitutc'i
246 1601 269 1637 ὰ
282 1598 452 1637 Domino
465 1612 614 1638 exomo-

83 1664 132 1702 9e
151 1652 227 1699 sin,
245 1653 384 1699 sciens,
399 1665 491 1702 vsq;
511 1653 554 1689 ad
576 1653 613 1690 fi.

33 1715 78 1754 ln
97 1725 318 1768 argumento
330 1719 427 1764 libri,
442 1718 616 1757 Exorta-

0 1773 34 1808 1
51 1771 267 1809 tionisad
278 1772 478 1818 castitate,
487 1772 526 1809 in
538 1785 617 1809 me-

30 1836 55 1854 „2
81 1823 168 1868 dio,
195 1824 365 1863 deleatur
397 1825 459 1862 illa
494 1826 617 1872 verba,

1109 237 1165 277 33

686 305 917 352 Frobennffl,
943 305 1125 355 impresso
1153 321 1220 345 an-

683 372 733 396 no
767 360 882 397 1528.
914 360 954 397 in
986 369 1220 408 argumento,

686 412 782 450 libri
794 414 842 450 de
850 413 1222 462 praescriptionibus

684 465 855 504 haeretic.
873 462 996 503 delen}
1018 467 1081 503 illa
1096 468 1221 512 verba,

685 532 732 556 ex
752 519 821 557 koc
841 519 1082 568 librofacile
1096 520 1222 571 lique-

687 572 745 610 bit
761 573 914 618 lectori,
929 573 1085 624 quinon
1097 575 1155 610 sit.
1163 588 1223 611 om

685 627 776 664 nino
795 627 992 677 stupidus,
1012 629 1050 664 δι
1064 640 1222 676 quaese-

686 688 853 729 quuntur
869 693 947 730 vsq;
967 680 1014 718 ad
1041 681 1167 718 finem.

639 744 697 782 Ex
724 745 825 782 libro
854 750 1000 796 quarto
1031 746 1226 783 aduersus

688 799 945 843 Marcionem,
982 799 1110 836 statim
1142 808 1226 850 post

688 864 779 888 num
800 853 867 889 50.
891 852 950 891 vel
970 853 1036 890 51.
1057 853 1226 902 (propter

688 906 809 943 varias
846 906 1128 955 impressiones)
1157 907 1223 943 de-

686 959 834 996 leantur
845 959 907 995 illa
919 959 1043 1003 verba,
1061 959 1226 1008 Baptis-

687 1024 751 1048 ma
778 1011 812 1059 (Ξ-
840 1012 1118 1057 Eucharistia,
1150 1014 1228 1050 duo

687 1063 1228 1114 Sacramentaprimitz'uaeEc

690 1117 827 1155 clesiae.

637 1190 686 1228 sol
707 1190 801 1228 596.
823 1202 916 1227 corr.
940 1191 979 1228 in
1007 1204 1125 1241 marg.
1151 1204 1225 1241 pro

690 1243 814 1293 oriyo,
834 1250 963 1293 ponat,
989 1245 1226 1296 antiquitas,

691 1297 779 1334 Non
798 1298 900 1334 enim
919 1305 1060 1343 sancta,
1075 1301 1112 1335 &
1127 1299 1227 1335 salu-

689 1351 764 1387 bris
797 1352 1102 1388 anniuersarioru
1134 1364 1224 1389 con-

690 1404 849 1441 suetudo
866 1404 1074 1441 Tertuliani
1103 1406 1227 1454 primfi

687 1458 914 1506 temporibus
934 1465 1023 1496 nata
1050 1458 1136 1502 fuit,
1158 1459 1225 1496 sed

688 1511 734 1547 ab
749 1510 936 1561 Apostolis
950 1519 1141 1561 acceptam
1161 1517 1227 1549 οῦ-

689 1565 902 1610 suetudine,
934 1572 974 1601 vt
1004 1578 1071 1602 nos
1101 1566 1166 1610 ita,
1187 1569 1225 1603 δε

688 1617 753 1655 illa
771 1618 899 1655 secula
920 1617 1222 1667 frequentarunt.

645 1704 687 1752 B
713 1704 757 1752 Ε
783 1704 835 1752 N
860 1705 903 1752 E
930 1705 981 1752 D
1008 1705 1033 1752 I
1060 1705 1101 1757 C
1129 1705 1225 1754 TI

732 1786 863 1835 Ariae
887 1786 1122 1835 Montani.

85 1877 284 1928 quaquam
300 1883 448 1916 vetere-3
475 1891 618 1926 omnes,
637 1882 870 1932 Corrigenda
910 1884 948 1919 in
985 1881 1228 1920 Comentario

84 1934 173 1980 atq,-
217 1931 314 1969 adet)
353 1930 618 1981 Hieronymus

87 1981 184 2042 ipse,
203 1984 450 2021 „iatri-monio
473 1996 617 2034 parum

87 2035 364 2085 equisuerint,
383 2036 452 2084 850.
474 2051 551 2088 v3sq
572 2038 618 2075 ad

88 2087 200 2126 finem
220 2091 443 2138 argumenti.

23 2154 81 2203 Jn
100 2158 304 2209 exemplari
326 2157 497 2207 Rasum,
521 2161 618 2212 apud

692 1935 890 1973 Benedicti
922 1930 1022 1973 Ariae
1051 1935 1228 1973 Montani

690 1990 728 2026 in
750 1989 899 2034 Isaiam,
921 1989 1079 2039 Paginae
1102 1991 1228 2027 citatae

690 2043 867 2104 respodet
897 2042 1063 2080 Editioni
1083 2043 1230 2080 Antuer

688 2097 814 2146 piane,
843 2097 945 2134 Anni
971 2097 1086 2134 1599.
1117 2097 1156 2133 in
1184 2099 1224 2133 4.

638 2157 730 2210 Cap.
757 2160 788 2196 l.
809 2172 894 2210 pag
923 2162 988 2197 43.
1025 2172 1138 2209 super
1165 2158 1228 2195 illa

854 2214 884 2250 C
1063 2212 1174 2249 verba
