1474 2502
1159 199 1243 246 347

528 266 762 316 Emanuel
789 268 867 317 δὲ.

223 361 269 399 In
284 360 534 413 Aphorismos
550 362 875 401 confessariorum
890 363 1110 402 Emanuelis
1126 365 1179 403 δὲ

539 429 824 468 emendationes
838 456 848 466 .

98 510 348 560 pag.l3.nu.fi.
358 508 444 546 dele
458 514 544 547 toto
558 512 590 549 &
606 523 688 547 cor·
705 509 853 548 Eadem
873 523 937 548 nu.
958 511 994 547 7.
1022 516 1107 562 post
1125 512 1296 557 verbum,

151 570 243 620 rige,
273 568 455 607 absolutio
489 582 690 608 sacramen

150 629 240 667 talis
257 642 334 666 non
359 633 425 679 pot
455 629 549 667 dari
577 630 689 668 absen

150 690 182 727 ti
216 690 260 726 in
303 688 378 726 vlle
413 702 583 739 prorsus
625 703 688 727 ca-

149 762 196 788 su
213 777 224 794 ,
263 749 448 802 quicquid
485 749 610 802 aliqui
645 751 689 788 in

150 810 393 848 contrarium
458 809 659 849 docuerint
677 839 687 856 ,

146 869 202 908 ita
220 870 425 908 declarauit
443 870 620 909 Clemens
633 871 690 910 Pa

148 946 198 983 pa
218 933 402 971 Oetauus.

756 571 1025 616 mendicantes,
1055 571 1165 617 adde,
1196 573 1299 622 quib.

757 644 832 669 non
853 631 939 670 licet
965 631 1064 670 bona
1090 633 1300 671 immobilia

757 694 834 731 etia
852 694 895 731 in
912 695 1065 732 comuni
1073 694 1274 745 possidere
1286 722 1296 740 ,

757 755 796 792 in
814 755 852 793 fi.
872 755 1003 794 eiusde
1029 755 1178 793 numeri
1197 755 1296 800 dele,

756 829 842 868 neq3
857 816 898 853 in
913 816 1136 854 necessitate
1156 818 1297 867 vegete,

757 876 790 913 &
808 875 965 927 corrige,
994 876 1105 914 modo
1123 889 1201 914 non
1219 877 1298 914 sint

755 935 908 973 mobilia
919 936 1108 985 pretiosa.

98 998 243 1049 Pagina
261 1001 321 1036 16.
338 1012 496 1037 numero
511 1000 572 1036 19.
588 999 686 1046 dele,
702 1009 774 1047 pag
791 997 856 1032 23·
884 1009 948 1032 1111-
972 997 1006 1032 l·
1025 996 1125 1042 ἆθῙθ,
1153 996 1297 1034 Altam

149 1058 224 1110 abij
247 1060 384 1104 aiunt,
419 1058 493 1110 alif
518 1066 685 1110 negant,

148 1133 266 1170 vsque
297 1119 344 1157 ad
374 1119 490 1156 finem
523 1121 684 1166 numeri,

149 1181 182 1217 δι
209 1180 353 1231 corrige
369 1207 379 1225 ,
412 1179 503 1217 Non
531 1185 585 1218 est
612 1180 686 1219 vllo

145 1238 254 1277 modo
316 1239 477 1278 tenenda
537 1247 684 1279 senten-

147 1300 204 1337 tia
238 1299 480 1352 quorundam
507 1302 684 1352 affirman

148 1362 244 1400 tium
263 1389 274 1408 ‚
322 1363 414 1415 quia
451 1364 496 1402 in
530 1371 685 1404 eontra-

149 1423 255 1463 rium
282 1429 336 1461 est
366 1425 511 1474 praxis
538 1424 684 1463 Roma-

147 1495 212 1522 nae
237 1482 396 1529 Curioe,
417 1487 450 1538 §s
464 1485 585 1523 omnis
606 1485 685 1524 Ca-

145 1544 349 1581 mutatura
368 1543 545 1582 docmna
559 1573 570 1590 ‚
597 1559 685 1598 quae

147 1603 290 1653 optima
320 1605 462 1643 nititur
499 1607 651 1644 ratione
670 1622 685 1644 :

136 1669 308 1714 potestas
353 1666 454 1703 enim
493 1665 685 1705 absoluedi

146 1737 225 1761 non
243 1729 371 1775 potest
388 1726 542 1764 extendi
566 1727 620 1764 ad
644 1728 684 1764 ir

144 1783 449 1834 regularitatem,
488 1799 560 1837 que
602 1787 684 1824 tolli

148 1849 212 1882 tur
251 1843 531 1894 dispensatione
548 1874 559 1892 ‚
604 1860 681 1884 non

147 1902 379 1941 absolutione
391 1931 401 1941 .

90 1970 349 2022 pag.21.nu.6:
366 1973 462 2018 dele,
472 1975 554 2024 pat,
571 1975 603 2012 ὃ(
616 1989 680 2013 cor

143 2023 235 2072 rige,
250 2022 437 2062 iuramfeto
455 2029 505 2062 πῦ
517 2024 678 2077 ligatur,

754 1055 884 1094 multis
900 1056 1027 1102 modi:,
1049 1058 1115 1106 &o-
1141 1057 1228 1095 dele
1253 1064 1293 1095 to

754 1122 836 1154 tum
856 1122 1019 1155 numeru
1032 1142 1044 1162 ‚
1078 1117 1111 1154 &
1132 1117 1292 1169 corrige,

752 1177 895 1215 Altare
930 1177 1060 1215 multis
1094 1178 1214 1216 modis
1250 1191 1293 1215 a-

752 1238 869 1276 mittit
946 1239 1290 1285 consecrationem,

755 1298 789 1334 l.
816 1296 987 1336 Enormi
1001 1298 1206 1350 fractione
1235 1304 1294 1338 me

750 1371 816 1396 κε.
861 1360 898 1396 2.
929 1357 979 1396 Si
994 1365 1098 1397 mota
1106 1359 1195 1412 fitit
1221 1360 1293 1397 iun

750 1424 864 1456 ctura
882 1446 892 1464 ,
925 1432 1004 1471 qua
1027 1430 1160 1457 mensa
1179 1418 1291 1470 stipi-

752 1479 783 1516 ti
799 1477 952 1530 lapideo
971 1478 1139 1528 adheret,
1181 1482 1220 1518 3.
1242 1480 1293 1518 Si

751 1546 954 1578 moueatur
969 1569 979 1586 ‚
1017 1540 1077 1578 vel
1102 1540 1290 1593 franga-

751 1605 818 1637 tur
844 1601 998 1651 signum
1024 1602 1195 1652 sepulcri
1208 1629 1218 1639 .

749 1659 921 1698 Demum
948 1662 983 1699 si
1017 1661 1097 1701 alio
1124 1670 1288 1714 quocun.

749 1732 822 1771 que
849 1720 958 1758 modo
971 1721 1151 1773 formam
1178 1735 1289 1761 suam

749 1780 903 1818 amittat
929 1807 940 1826 ‚
991 1794 1091 1831 ‚non
1161 1788 1287 1821 tamem

749 1844 785 1881 si
811 1845 925 1894 lapis,
963 1845 1008 1882 in
1042 1859 1113 1898 quo
1139 1847 1190 1884 eit
1227 1860 1285 1885 se-

738 1903 952 1954 pulchrum
995 1912 1223 1944 amoveatur
1261 1907 1287 1944 ὰ
1351 1927 1353 1930 ·

746 1964 854 2015 ligno
865 1992 876 2002 .
907 1966 1008 2004 Vide
1022 1966 1129 2018 Sylu.
1141 1981 1177 2005 v.
1191 1968 1284 2007 alta-

746 2038 788 2063 re
807 2037 844 2076 q.
858 2027 896 2063 8.
909 2027 942 2063 δι
956 2028 993 2064 9.

141 2074 343 2125 quominus
352 2078 516 2116 seruatis
537 2078 679 2132 alioqui
693 2077 828 2129 pagina
841 2080 906 2116 29.
923 2082 1032 2117 nu.4.
1047 2079 1132 2118 dele
1144 2087 1281 2127 totum,

141 2126 346 2165 servandis
356 2129 491 2178 possit.

747 2130 778 2167 ὅι
815 2131 959 2183 corrige
975 2158 986 2177 ‚
1019 2131 1149 2170 ablata
1183 2134 1282 2172 iusto

1139 2184 1231 2223 bello
