1474 2534
247 236 334 278 lviii
746 235 936 290 Preface.

249 319 411 358 Moralis
429 319 640 367 authorem,
669 318 784 369 plane
806 317 1059 368 proscripsit3
1087 319 1268 370 quamuis
1285 319 1429 359 vtrius·

247 384 325 422 que
342 371 555 417 sententiae,
586 372 608 408 ὲ
628 383 786 408 censore
802 370 982 415 confixae,
1001 374 1128 407 essent
1151 370 1378 417 multorum,
1396 372 1430 408 δι

247 427 433 467 veterum,
460 422 492 458 8z
514 421 783 466 recentiorum,
811 420 1121 470 haberenturque
1147 421 1261 470 plane
1287 421 1426 472 proba-

247 471 357 510 biles.
411 473 548 522 Itaque
562 471 785 522 Hispanica‚
803 471 834 506 &
849 470 1071 508 Lusitanica
1084 470 1303 521 Inquisitio,
1322 471 1427 510 Hen-

247 523 399 574 riquem
422 523 537 572 plane
565 522 702 560 habuit
726 535 796 571 pro
827 522 985 568 nitente,
1009 534 1053 559 ac
1082 534 1192 572 puro.
1246 521 1426 571 InlEmaae

247 574 363 612 nuelle
394 579 533 620 autem,
561 574 640 611 duo
665 572 834 622 expungi
863 572 1016 611 voluit:
1045 585 1166 610 vnum
1192 572 1240 610 de
1271 571 1427 611 absolu-

247 625 352 662 tione
377 638 446 674 per
474 625 631 670 litteras,
664 623 770 674 quod
796 628 884 673 post
909 623 991 661 eius
1017 622 1165 661 obitum
1191 623 1215 660 a
1234 622 1430 662 Clemente

248 675 361 713 VIII.
381 676 507 713 fuerat
521 675 744 720 definitum3
765 674 940 721 alterum,
957 674 1062 724 quod
1078 674 1126 711 ad
1140 673 1428 713 Sacramentum

248 725 454 764 Vnctionis
485 725 711 775 pertinebat,
746 725 856 762 cuius
882 724 1080 762 materiam
1112 724 1272 762 omnino
1303 725 1430 764 voluit

247 789 329 814 esse
364 776 413 814 ab
447 777 637 826 Episcopo
664 775 915 821 benedictam,
948 779 1082 812 contra
1111 788 1228 826 quam
1259 782 1429 815 senserat

250 826 416 865 Manuel.
473 827 519 864 In
534 827 714 864 omnibus
734 826 818 863 aliis
833 825 934 863 nihil
952 825 1083 872 fuisse,
1104 826 1209 876 quod
1227 839 1428 865 censuram

246 883 471 924 mereretur,
495 877 791 928 pronunciatum
820 881 879 914 est
904 876 952 913 ab
978 881 1139 927 Vtraque
1166 876 1235 914 illa
1259 878 1428 926 generali

249 928 518 979 Inquisitione,
528 929 574 965 de
589 928 777 965 sententia
793 932 851 964 tot
863 926 1307 965 Academiarum.—-The
1326 927 1427 966 title-

248 992 343 1029 page
375 979 545 1016 declares
582 979 665 1016 that
692 979 758 1016 the
790 977 1009 1015 Erotemata
1037 991 1101 1015 are
1135 981 1160 998 ‘⁴
1179 991 1314 1016 recusa
1337 991 1426 1017 cum

249 1029 398 1068 Facult.
419 1030 502 1067 Sac-
520 1029 662 1078 Congr.
683 1029 817 1074 Ind.”;
837 1028 915 1066 and
928 1029 993 1066 the
1009 1028 1089 1066 leaf
1101 1026 1233 1066 before
1249 1029 1316 1067 the
1330 1034 1427 1067 trea-

246 1081 318 1118 tise
343 1081 414 1118 has
441 1081 507 1118 the
535 1081 683 1118 words:
714 1079 812 1117 “Ad
834 1084 1000 1118 mentem
1027 1079 1065 1116 S.
1088 1078 1132 1119 C.
1155 1079 1186 1117 Ι.
1211 1089 1426 1119 accommo—

247 1131 375 1170 data.”

298 1182 438 1222 Before
457 1181 476 1217 I
493 1181 607 1231 begin
633 1186 675 1218 to
700 1179 871 1218 mention
897 1179 1008 1218 other
1035 1179 1222 1218 excellent
1250 1181 1425 1219 emenda-

246 1232 348 1270 tions
371 1233 413 1270 in
441 1232 664 1282 Baynaud's
687 1232 806 1277 work,
827 1230 846 1266 I
864 1231 965 1268 shall
984 1236 1101 1281 quote
1126 1243 1231 1268 some
1247 1243 1427 1282 passages

245 1284 351 1321 from
381 1283 444 1321 his
470 1282 717 1332 incorrigible
739 1286 851 1327 tract,
879 1280 945 1319 De
969 1281 1219 1319 immanitate
1244 1288 1426 1320 avtorvm

248 1334 509 1382 Uyriaoorvm
525 1333 571 1384 [i.
581 1346 612 1370 e.
624 1333 690 1370 the
698 1329 983 1380 Dominicans,]
999 1344 1026 1368 α
1042 1344 1222 1370 oensem.
1254 1335 1278 1353 “
1289 1331 1426 1383 Longe

245 1383 517 1429 truculentius,
545 1386 576 1421 &
599 1383 641 1420 in
666 1382 926 1428 Anastasium,
956 1384 987 1420 δι
1004 1382 1045 1420 in
1060 1382 1156 1421 alios
1174 1382 1424 1433 grauissimos

246 1433 391 1482 Patres,
408 1434 450 1471 in
465 1434 622 1471 Patrum
641 1433 882 1470 Bibliotheca
900 1433 1210 1483 comprehensos,
1228 1433 1318 1483 egit,
1337 1447 1426 1474 cum

245 1490 346 1523 esset
375 1483 601 1532 Combefisij
632 1484 774 1522 sodalis
798 1483 842 1522 F.
879 1482 1042 1521 Ioannes
1073 1483 1197 1522 Maria
1224 1484 1425 1525 Brasiche-

245 1534 370 1574 len.”¹¹
425 1537 450 1556 “
466 1535 541 1572 Sed
555 1534 651 1572 adeo
669 1534 839 1572 liberalis
859 1533 1018 1580 Censor,
1035 1534 1220 1573 Censurae
1238 1548 1319 1574 suae
1337 1549 1426 1575 cen-

246 1598 377 1624 suram
395 1599 531 1636 passus
549 1590 620 1628 est,
648 1584 852 1634 reprobata
874 1585 956 1622 eius
982 1584 1225 1624 damnatione
1240 1591 1427 1674 tantkliam

245 1637 424 1682 inscitiae,
450 1636 514 1674 vel
541 1635 804 1685 malignitatis,
830 1635 894 1673 vel
920 1635 1123 1686 Vtriusque
1147 1635 1299 1675 referta.
1363 1650 1425 1676 am

246 1687 334 1725 duae
352 1699 543 1737 supremae
562 1685 893 1738 Inquisitiones,‘'i
912 1688 977 1724 &c.
1031 1685 1142 1724 After
1159 1686 1305 1737 having
1326 1687 1424 1735 said,

244 1738 330 1775 that
356 1737 421 1775 the
443 1736 581 1785 unjust
609 1737 905 1776 condemnation
928 1737 974 1774 of
992 1735 1115 1774 books
1146 1742 1185 1775 at
1215 1736 1341 1777 Rome
1365 1751 1424 1776 re-

245 1788 398 1826 dounds
426 1792 466 1825 to
491 1788 558 1825 the
585 1788 799 1826 dishonour
834 1787 880 1825 of
902 1787 967 1825 the
998 1787 1152 1834 Poutiff,
1178 1787 1228 1825 he
1252 1794 1392 1827 asserta
1410 1803 1422 1827 :

245 1852 398 1877 omnem
415 1838 532 1888 porro
547 1839 648 1876 hanc
661 1839 814 1889 culpam
831 1838 872 1876 in
883 1837 1066 1888 Cyriacos
1078 1850 1161 1876 esse
1171 1838 1424 1887 referendam,

244 1889 490 1940 perspicuum
507 1895 564 1927 est
580 1903 589 1927 ε
619 1903 708 1927 nam
723 1890 786 1926 vel
804 1889 879 1939 ipsi
896 1889 1026 1926 ferunt
1042 1901 1256 1934 censuram,
1274 1894 1317 1927 vt
1332 1890 1427 1928 facit

244 1953 317 1990 pro
345 1945 530 1990 potestate
554 1940 654 1978 intra
677 1940 893 1978 districtum
912 1938 1030 1977 Vrbis
1059 1939 1209 1986 Romae,
1241 1939 1427 1990 Magister

246 1991 284 2028 S.
308 1990 446 2039 Palatij
461 2004 471 2037 ;
502 1991 564 2029 vel
583 1995 719 2030 curant
736 2001 965 2030 censuram:
995 1989 1076 2028 siue
1103 1989 1144 2027 in
1173 1989 1357 2079 trilgffiali
1385 1991 1422 2029 S.

1305 2054 1370 2090 01J,

289 2140 304 2161 ¹¹
321 2143 407 2172 Diat.
423 2143 483 2172 111.
500 2153 529 2182 p.
543 2145 614 2173 285.
641 2145 715 2184 Opp.
729 2144 764 2174 T.
777 2143 846 2175 XX.
862 2143 987 2174 cracov.
1004 2142 1213 2174 MDCLX1X.

290 2181 400 2215 ίυῑαι.
418 2185 453 2215 v.
471 2195 499 2224 p.
518 2186 588 2215 290.
