1430 2534
334 208 601 271 Bibliotheca
620 209 760 252 Sanct.
783 206 976 252 Patrum.

115 280 333 321 Theodosio
348 283 505 334 .Magno
535 281 648 320 vixit:

111 332 173 371 hic
187 343 315 373 autem
330 335 450 373 multo
463 334 651 386 posterior

113 385 340 425 deeenuium
352 387 428 438 vite
443 387 565 426 Leoni
578 386 649 424 VI.

67 486 70 490 ἡ
112 439 367 528 genuntiauit
387 440 534 478 circiter
548 445 650 477 annu

156 492 272 530 omini
293 492 383 529 900.
402 493 522 530 ferme
539 491 649 542 quin·

112 544 210 594 getis
222 543 329 582 annis
342 544 462 582 altero
482 543 544 581 illo
564 543 651 581 Mar

114 609 160 633 co
178 597 368 635 recentior
383 627 392 636 .
415 596 501 634 Vtri
520 603 649 634 autem

114 647 250 686 horum
269 676 280 694 ,
313 649 442 700 Opera
473 661 558 699 quae
588 647 649 686 hic

114 699 647 752 subijciuntur,tribuedasint,

113 752 152 789 in
161 753 337 806 ambiguo
347 753 563 793 est.Forsan
573 766 649 790 neu

114 804 175 848 tri3
189 819 273 843 nam
287 806 318 843 si
333 819 426 857 opus
437 805 483 843 ab
497 805 649 843 haereti-

114 857 167 894 cis
179 862 230 895 ηδ
241 858 289 896 sit
302 858 510 909 deprauatss
526 858 650 911 (quod

113 909 223 947 facile
250 910 472 961 contingere
494 910 650 961 potuit)

115 961 312 1012 indignum
327 962 437 1012 plane
453 969 528 1006 est,
548 961 653 1011 quod

117 1012 177 1050 vel
203 1013 254 1050 illi
269 1041 280 1058 ‚
308 1013 369 1051 vel
399 1013 487 1050 huic
521 1014 653 1050 Marco

116 1064 359 1109 adscribatur,
390 1079 476 1102 cum
495 1072 653 1115 vterque

118 1117 173 1153 vir
189 1117 303 1155 fuerit
321 1117 572 1155 sanctissimus
588 1144 598 1162 ‚
620 1117 652 1154 δι

118 1182 211 1219 opus
237 1170 356 1220 ipsum
376 1169 511 1207 multas
530 1169 651 1206 conti-

117 1230 204 1259 neat
221 1221 427 1259 sententias
443 1235 465 1259 a
477 1228 593 1259 rectae
607 1221 652 1258 fi-

116 1272 177 1310 dei
197 1273 325 1324 regula
342 1274 597 1318 exorbitantes
610 1300 620 1310 .

119 1324 158 1362 Si
174 1326 222 1362 ob
233 1338 290 1370 ea,
310 1339 396 1375 quae
412 1325 652 1376 Nicephorus

1118 210 1200 250 153

718 279 913 318 Bonorum
934 279 1019 317 dico
1034 307 1044 324 ‚
1074 293 1149 317 non
1170 278 1259 330 quia

715 333 942 371 remiserunt
972 331 1125 369 iniurias
1144 359 1154 375 ,
1189 332 1256 368 διο.

715 385 890 423 adscribe
914 384 1102 435 margini,
1136 383 1256 421 Caute

716 437 802 488 lege
814 465 824 484 ,
846 451 933 476 nam
952 437 1101 475 videtur
1120 435 1255 472 innue-

714 504 756 528 re
797 489 1065 529 condonationi
1102 487 1256 526 iniuria-

714 556 800 580 rum
817 549 972 594 propter
984 542 1125 585 Deum,
1143 546 1182 578 vt
1198 554 1257 578 re-

715 595 831 647 pendi
858 593 1204 633 remunerationem
1233 593 1257 629 Ξ),

717 648 830 692 Deo3
858 647 985 685 forsan
1011 645 1181 697 loquitur
1206 644 1254 683 de

715 699 1025 739 remuneratione
1093 697 1255 749 quadam

716 753 862 797 eximia,
877 753 908 790 81
927 751 1151 796 excellenti,
1172 763 1255 801 quae

716 804 989 857 perfectissimo
1035 803 1136 842 actui
1174 803 1255 841 eius

718 858 784 909 qui
811 871 859 895 ne
880 857 971 894 dum
992 856 1138 894 remisit
1156 855 1255 893 iniu-

718 911 789 949 rias
809 923 819 948 :
849 909 917 948 sed
944 909 1058 947 etiam
1076 907 1256 960 praeclare

718 963 912 1000 beneficus
932 962 1112 999 aduersus
1130 959 1256 998 inimi-

719 1027 805 1052 cum
826 1014 951 1051 extitit
981 1013 1089 1050 reddi
1119 1026 1142 1050 a
1168 1012 1255 1051 Deo

719 1066 816 1104 solet
831 1092 840 1102 .
864 1065 940 1103 Vel
957 1064 1132 1115 intelligit
1150 1077 1257 1102 rece-

717 1125 849 1169 pturos
908 1123 1255 1155 remunerationem

717 1184 793 1208 non
811 1175 981 1214 tantum,
1002 1168 1090 1219 quia
1101 1168 1257 1206 remise-

718 1229 806 1259 runt
815 1222 985 1259 iniurias:
1000 1220 1067 1258 sed
1079 1221 1156 1258 etia
1169 1220 1258 1271 quia

716 1275 902 1312 beneficio
935 1273 1142 1312 affecerunt
1183 1272 1255 1309 ini-

718 1327 835 1364 micos
848 1354 858 1364 .

116 1377 257 1420 scribit3
280 1378 392 1428 priori
410 1377 540 1415 Marco
555 1378 651 1437 ,·qui
665 1380 736 1418 col.
752 1379 814 1419 71.
832 1379 877 1423 Ε,
893 1379 947 1416 ihi
963 1378 1006 1416 in
1026 1383 1156 1421 tex-tm
1175 1376 1257 1415 Gra

117 1433 287 1480 tempore
308 1428 464 1481 Palladij
494 1430 650 1467 nimium

116 1488 324 1527 senexerat,
337 1482 558 1532 scriptiones
569 1482 652 1520 istae

117 1532 329 1571 tribuantur
344 1561 354 1578 ‚
400 1540 441 1571 vt
484 1533 649 1572 indicant

116 1585 229 1622 etiam
248 1585 452 1637 disputatio
467 1599 552 1623 cum
566 1588 648 1626 Cau

116 1636 233 1675 sidico
251 1637 348 1675 infra
364 1638 486 1688 posita
504 1638 647 1676 colum-

117 1700 166 1726 na
185 1690 270 1729 143.
291 1703 488 1728 monemus
505 1690 648 1729 lectore

114 1740 214 1778 forte
227 1741 404 1780 haeretica
421 1749 578 1781 externa
589 1756 651 1780 ma

717 1432 770 1469 tia
807 1431 965 1469 Domini
1003 1430 1159 1481 largitur
1187 1442 1255 1467 vo-

717 1483 835 1528 lenti,
870 1483 902 1520 &
921 1482 1105 1526 credenti3
1133 1481 1256 1519 scribe

715 1537 758 1573 in
777 1536 955 1585 margine
969 1563 979 1579 ,
1010 1535 1133 1573 Caute
1154 1534 1252 1584 lege,

716 1601 802 1626 nam
813 1589 962 1625 Auctor
970 1587 1128 1624 nimium
1137 1586 1253 1624 obscu

715 1640 756 1679 re
772 1640 820 1677 de
831 1639 952 1690 gratia
963 1639 1040 1676 Dei
1056 1639 1252 1683 disserere,

715 1692 784 1729 seu
802 1692 929 1742 potius
947 1691 984 1728 in
1006 1690 1253 1740 Pelagianum

716 1756 884 1782 errorem
901 1743 976 1780 labi
995 1742 1157 1780 videtur.

116 1805 167 1830 nu
185 1798 412 1831 temeratum
431 1807 524 1845 opus
538 1821 548 1831 .
577 1795 649 1832 Vt-
665 1795 735 1834 col.
755 1796 819 1834 80.
841 1794 888 1839 Β,
918 1808 1078 1833 numero
1096 1795 1183 1832 141.
1210 1795 1256 1832 in

117 1856 265 1895 cunque
308 1846 356 1883 sit
376 1876 388 1894 ,
438 1846 648 1884 cautissime

115 1908 264 1946 semper
280 1923 292 1940 ,
321 1897 354 1934 δι
384 1911 470 1935 cum
498 1898 572 1936 acri
591 1899 649 1936 iu-

116 1947 216 1984 dicio
239 1947 466 1998 legendum,
493 1957 648 2000 propter

117 2004 261 2036 sentes.
275 2000 309 2036 δι
319 2013 451 2051 vepres
465 2014 646 2048 errorum,

117 2051 156 2087 in
171 2064 254 2101 quae
267 2064 536 2103 nonnunquam
549 2054 647 2093 offen

118 2103 155 2139 di
176 2103 304 2153 possit.

70 2154 256 2194 Columna
275 2156 336 2193 70.
352 2156 398 2201 Β,
413 2156 465 2194 ibi
474 2156 515 2194 in
529 2162 646 2203 textu,

715 1852 835 1890 tex-tm
879 1847 940 1885 vbi
982 1847 1254 1898 cogitationum

715 1899 907 1950 imagines,
934 1899 988 1936 ibi
1010 1900 1111 1938 facta
1123 1906 1180 1938 est
1194 1913 1253 1938 as·

717 1952 866 1994 sentim
901 1951 1037 2002 adstige
1053 1953 1252 2002 margini,

720 2003 842 2043 Caute
858 2003 955 2055 lege,
969 2018 1054 2042 nam
1070 2009 1120 2042 ῐιό
1135 2005 1172 2042 in
1189 2018 1251 2042 om

718 2055 755 2092 ni
774 2055 1003 2106 cogitatione
1025 2057 1139 2094 etiam
1165 2070 1251 2095 cum

719 2108 883 2158 imagini]
914 2110 1250 2159 representatione,

718 2160 905 2210 reperitur
924 2174 1140 2199 consensus.

1128 2212 1197 2250 col.
