1474 2534
605 215 800 272 Preface.
1222 209 1311 251 lxix

98 298 204 337 enim
222 312 303 338 non
326 299 509 352 proponit
533 300 763 338 sententiam
791 310 901 337 suam
927 302 971 336 vt
998 296 1216 334 necessarie)
1247 310 1306 334 se«

98 351 310 402 quendam,
336 352 406 390 sed
433 352 565 390 solum
592 358 785 404 quatenus
811 351 910 389 ratio
933 349 1099 388 suadet:
1131 353 1170 386 at
1185 348 1304 386 iudex

101 404 288 454 proponit
313 410 357 442 vt
391 405 633 456 sequendam
669 403 910 442 necessario.
926 401 1193 451 ‚Augustinus
1229 400 1301 450 igi-

95 460 176 504 tur,
197 456 229 492 δι
247 456 366 495 ceteri
380 456 514 495 Patres
531 457 572 494 in
588 455 876 495 commentariis
891 453 1159 504 fungebantur
1173 452 1303 491 officio

95 506 340 547 Doctorum:
370 514 410 546 at
429 508 620 556 Concilia,
648 509 680 544 &
706 507 917 546 Pontifices
934 507 1154 555 funguntur
1173 505 1304 542 officio

95 559 239 598 iudicis
262 561 286 598 a
313 560 399 599 Deo
416 560 495 599 sibi
511 561 733 599 commisso.
762 560 964 610 (Bellarm.
985 558 1052 596 De
1069 556 1188 596 verbo
1206 556 1302 597 Dei.

97 610 188 650 Lib.
209 611 287 651 ΙΙΙ.
309 612 404 664 Cap.
425 613 478 652 X.
499 613 574 652 col.
591 613 705 661 mihi,
727 612 836 663 199.)
891 611 975 649 Nec
998 623 1071 648 nos
1100 609 1151 647 ad
1171 610 1305 648 omnia

97 668 288 713 tenemur,
323 678 400 716 que
442 665 485 703 in
527 665 690 704 ecclesia
730 663 931 716 primitiua
965 668 1093 714 patres
1125 667 1301 712 egerunt.

101 716 260 766 (AEneas
286 716 462 764 Silvius3
492 717 557 755 cit.
587 717 818 768 Espencaeo,
843 716 887 754 in
916 714 1005 753 Lib.
1039 714 1106 752 De
1134 713 1301 753 Contin.

98 767 132 807 I.
159 782 197 820 p.
230 769 316 807 129.
346 768 468 808 Paris.
492 770 618 823 1565.)
677 769 854 814 Qualiter
870 767 1033 819 praecipi
1049 771 1191 819 potest,
1212 780 1304 805 cum

98 825 282 859 sanctorii
311 826 467 872 patrum
496 821 700 860 sententiae
729 834 834 872 saepe
858 820 1031 858 inuicem
1055 822 1305 871 repugnent?

95 871 270 923 (Alfons.
287 872 336 911 de
344 872 497 920 Castro,
509 874 674 913 aduerS.
691 873 836 912 laceres.
851 871 942 911 Lib.
959 875 992 911 1.
1014 871 1109 924 Cap.
1124 871 1302 910 V11.f01.

102 925 162 963 15.
192 924 314 964 Paris.
334 925 553 972 MDXLI.)
608 925 727 969 Quod
752 926 845 964 cum
874 930 1099 963 sanctorum
1123 924 1304 975 quisque,

98 976 164 1014 his
188 976 376 1015 duntaxat
392 978 578 1029 exceptis,
601 978 673 1029 qui
697 977 820 1016 libros
844 977 1054 1015 canonicos
1082 976 1305 1023 ediderunt,

100 1028 243 1079 spiritu
270 1029 389 1068 fuerit
408 1030 583 1068 humano
600 1030 768 1076 loeutus,
799 1030 832 1066 &
859 1029 1072 1080 aliquando
1101 1028 1164 1066 vel
1192 1028 1235 1066 in
1260 1042 1308 1067 eo

98 1080 250 1129 errarit,
275 1081 387 1133 quod
412 1082 463 1120 ad
488 1082 607 1120 fidem
636 1086 810 1132 spectare
837 1086 972 1131 postea
989 1081 1307 1119 demonstratum

98 1137 182 1171 est:
204 1133 333 1184 aperte
348 1138 502 1172 constat
518 1147 567 1172 ex
577 1133 807 1172 huiusmodi
822 1133 1051 1172 auctoritate
1065 1133 1308 1183 exploratam

100 1183 221 1223 fidem
244 1185 330 1223 fieri
358 1198 440 1224 non
473 1199 600 1237 posse.
629 1186 766 1237 (Melc.
793 1185 939 1231 Canus,
971 1184 1038 1223 De
1064 1186 1139 1224 loc.
1162 1184 1202 1223 T
1199 1185 1304 1224 laeoc.

96 1234 187 1274 Lib.
205 1235 298 1276 VII.
320 1235 415 1288 Cap.
437 1238 474 1276 3.
491 1251 527 1288 p.
543 1238 633 1276 246.
656 1238 841 1276 Salmant.
863 1237 1125 1284 MDLXIII.)
1180 1237 1306 1276 Prisci

97 1287 160 1327 illi
175 1288 426 1328 ecclesiarum
439 1289 616 1340 magistri
631 1303 712 1328 non
726 1290 827 1328 nihil
844 1289 1043 1328 interdum
1061 1290 1084 1327 a
1102 1290 1305 1342 proposito

97 1340 272 1380 veritatis
291 1354 411 1392 scopo
427 1340 706 1381 aberrauerint.
761 1341 888 1393 Again
907 1357 917 1389 ;
948 1341 997 1380 In
1020 1341 1134 1380 libris
1148 1348 1304 1385 sancto-

96 1405 188 1431 rum
204 1393 424 1442 doctorum,
445 1407 547 1445 quos
572 1393 797 1432 authentice
826 1393 921 1444 legit
944 1394 1122 1441 ecelesia,
1149 1399 1303 1433 nonnu-

97 1457 220 1534 gpam
235 1444 491 1484 inueniuntur
508 1445 691 1497 quaedam
708 1459 841 1497 praua,
860 1446 924 1484 vel
942 1446 1155 1485 haeretica.¹
1188 1446 1302 1497 (Sixt.

147 1509 255 1536 nens.
287 1497 405 1536 Praef.
434 1498 477 1535 in
504 1497 575 1537 lib.
638 1498 735 1537 uint.
767 1497 878 1536 Bibe.
912 1497 1072 1546 Samot„
1101 1512 1167 1550 pp.
1196 1501 1234 1538 4.
1261 1500 1301 1539 6.

98 1545 237 1587 Venet.
250 1548 580 1598 MDLXXIIII.)
663 1551 769 1589 ullus
781 1550 914 1601 itaque
926 1551 1138 1590 detestetur
1153 1564 1305 1590 nouum

99 1613 221 1639 sacrae
237 1601 441 1652 scripturae
454 1615 613 1641 sensum
628 1615 676 1640 ex
693 1603 768 1640 hoc
787 1616 818 1652 q>
837 1602 1014 1641 dissonat
1025 1617 1048 1641 a
1061 1603 1201 1654 priscis
1214 1604 1308 1643 doc-

98 1651 263 1692 toribus.
307 1653 545 1702 (caietanus,
581 1654 626 1692 in
654 1653 945 1702 Pentateuch„
970 1655 1039 1694 fol.
1069 1656 1107 1694 2.
1143 1655 1305 1703 Romae,

102 1703 362 1754 MDXXXI.)
421 1706 514 1744 Non
531 1719 632 1756 nego
648 1720 711 1745 me
724 1706 846 1745 huius
864 1706 1194 1758 interpretationis
1213 1722 1306 1746 auc-

99 1759 223 1795 torem
240 1757 436 1795 neminem
449 1757 605 1805 habere,
624 1759 693 1796 sed
711 1759 814 1796 hanc
829 1758 876 1796 eo
892 1759 1016 1809 magis
1030 1759 1169 1809 probo,
1186 1761 1309 1811 quam

98 1806 208 1846 illam
219 1808 380 1847 alteram
400 1808 627 1860 Augustini.
643 1838 653 1848 .
664 1810 774 1862 quod
790 1810 878 1848 haec
892 1824 983 1849 cum
1004 1810 1311 1851 Caluinistarum

103 1871 219 1898 sensu
242 1860 366 1910 magis
394 1866 543 1911 pugnet
560 1875 571 1907 ;
630 1863 708 1900 uod
726 1862 826 1900 mihi
843 1875 1031 1913 magnum
1049 1869 1108 1901 est
1126 1864 1310 1915 probabi-

103 1909 224 1949 litatis
246 1918 531 1963 argumentum.
562 1915 579 1964 (
628 1914 815 1962 aldonat.,
835 1914 880 1952 in
895 1915 1017 1954 Ioan.
1035 1915 1129 1967 Cap.
1142 1916 1212 1956 VI.
1234 1917 1308 1955 col.

104 1962 192 2000 732.
214 1962 381 2015 Mvssip.
402 1964 663 2017 MDXCVI.)
716 1966 801 2017 Ego
817 1971 861 2004 ut
882 1967 1047 2018 ingenue
1067 1968 1202 2017 fatear,
1222 1969 1313 2019 plus

1191 2034 1262 2059 vm

114 2113 124 2120 ’
146 2113 247 2147 ¹vide
263 2117 422 2148 Lavrentii
440 2120 574 2150 Dissert.
599 2122 636 2150 de
662 2122 714 2150 lib.
743 2122 859 2153 Gentil.
888 2126 943 2155 διο.
965 2127 1104 2164 permitt.
1129 2126 1318 2157 Protestant.

105 2168 173 2190 vero
183 2161 302 2199 prohib.
321 2161 401 2192 Soet.
416 2162 444 2193 3.
461 2172 491 2204 p.
509 2163 562 2193 48.
586 2163 719 2195 Amstel.
741 2165 835 2195 1619.
