1430 2534
249 223 327 265 170

239 301 319 330 otor
335 292 445 330 etiam
465 293 504 328 in
523 293 593 329 hoc
616 293 709 331 libro
726 306 767 330 se

241 344 486 394 Pelagianum
499 357 647 394 prorsus
660 352 766 382 osten

240 402 328 439 tare:
347 409 437 432 nam
455 397 590 433 colum.
603 398 691 434 855.
715 397 763 442 A,

240 449 461 498 interpretas
474 450 660 486 sententia
671 449 766 487 Chri

237 501 286 538 sti
307 501 516 538 Matth.l9.
538 501 622 538 Non
637 513 765 538 omnes

236 554 388 602 capiunt
406 554 476 589 hoc
494 554 642 590 verbum
660 567 670 597 ;
700 554 765 590 sed

233 606 366 654 quibus
376 605 500 642 datum
516 607 688 654 est‚quasi
703 619 764 643 ca·

234 659 398 695 nitatem
417 670 489 694 non
504 659 575 694 nisi
586 658 637 694 illi
649 659 763 707 possi-

236 709 360 755 deant,
378 710 509 758 quibus
523 711 632 747 etiam
652 714 700 746 ιιό
720 723 763 747 vo

235 761 450 806 lentibus‚&
467 763 584 807 fatali,
599 761 650 811 qd
660 763 764 799 aiunt

235 815 456 851 necessitate
469 815 601 852 collata
611 814 721 859 sit‚ne
731 815 763 851 &

232 867 437 915 gratiosum
456 866 578 904 Deum
597 874 736 903 statuas
753 895 763 912 ,

235 918 268 953 δι
285 920 462 956 castitatis
482 920 672 968 praemium
693 919 762 955 tol-

234 970 290 1007 las
310 998 320 1015 ‚
357 970 389 1005 ἃ
417 983 547 1007 vanarn
574 971 760 1018 vtrobique

235 1023 315 1058 eius
330 1023 621 1060 exhortationem
633 1021 760 1068 facias,

232 1074 263 1110 si
276 1087 356 1111 eam
369 1087 443 1111 non
450 1075 512 1123 qui
523 1075 684 1124 capiunt:
697 1074 761 1111 sed

233 1127 366 1174 quibus
389 1125 567 1164 dininitus
590 1127 759 1176 indulge·-

234 1185 309 1223 tur,
326 1179 527 1215 obtineant.
559 1178 651 1215 Tum
670 1191 762 1216 vana

233 1231 304 1268 erit
321 1231 529 1269 exhortatio
553 1232 606 1267 rei
625 1243 697 1267 non
717 1243 760 1268 vo

234 1283 420 1327 luntariae,
437 1282 550 1331 quam
568 1284 757 1332 praemium

231 1335 424 1380 iniustum,
434 1337 552 1372 &tam
565 1338 614 1371 ηδ
621 1335 760 1383 culpari

232 1387 444 1430 merebitur,
465 1388 528 1435 qui
545 1387 757 1436 pudicitiam

232 1445 404 1487 negatam
417 1439 486 1475 sibi
500 1466 511 1484 ,
530 1451 604 1474 non
620 1438 756 1475 habue-

232 1491 294 1534 rit,
312 1502 422 1538 quam
437 1491 499 1537 qui
513 1490 678 1527 collatam
694 1503 757 1538 pos

231 1541 382 1585 sederit,
398 1542 572 1579 coronari.
591 1540 754 1578 Verbum

229 1593 324 1631 dixit
334 1594 476 1638 datum,
488 1597 539 1630 υό
549 1595 757 1630 castitatem

231 1658 340 1694 quam
358 1645 504 1683 aliunde
517 1657 664 1695 sperare
683 1658 757 1682 non

230 1710 439 1747 pessumum
452 1699 538 1746 quia
547 1710 631 1734 cum
644 1698 754 1735 habe-

232 1763 315 1787 mus
329 1778 339 1795 ,
357 1751 577 1787 naturaliter
594 1749 756 1799 posside·

230 1814 325 1845 mus3
345 1811 470 1839 nostra
481 1809 539 1839 est
550 1802 662 1846 enim,
675 1813 758 1851 quae

229 1854 420 1890 nobiscum
434 1855 610 1899 nascitur,
620 1857 656 1891 δι
668 1855 759 1891 inno

230 1905 286 1942 bis
299 1913 369 1942 est:
381 1906 431 1941 ita
438 1919 511 1943 non
518 1913 624 1943 estex
629 1914 759 1956 paetan

228 1957 355 2001 da‚sed
367 1957 618 2002 custodienda,
627 1971 711 2006 quae
719 1959 757 1994 in

439 221 701 265 Bibliotheca
721 223 862 268 Sanct.
879 225 1067 265 Parrum.

838 306 904 330 cus
931 294 1056 336 fuerit,
1082 294 1144 341 qui
1173 293 1269 329 illico
1287 305 1362 328 non

836 356 975 383 cernat.
993 346 1180 382 Eiusmodi
1191 347 1290 382 enim
1303 358 1362 380 ca-

835 399 936 434 uillis
956 398 1150 446 Pelagiani
1176 397 1361 434 Orthodo-

835 451 893 486 xis
908 450 1144 494 insultabant,
1153 457 1191 485 vt
1203 450 1288 497 quia
1299 461 1361 484 ca-

834 504 958 539 stitam
995 503 1131 539 donum
1170 501 1244 538 Dei
1278 513 1361 537 esse

837 554 1016 592 catholice
1025 554 1279 603 praedicarent,
1287 561 1359 589 tra-

832 608 1054 643 ducerentur
1071 607 1116 642 ab
1134 607 1206 642 illis
1219 634 1229 650 ,
1257 605 1362 654 quasi

833 659 1012 704 dicerent,
1026 659 1128 696 fatali
1140 659 1360 694 necessitate

833 712 1007 748 obuenire
1025 710 1234 747 hominibus
1248 710 1358 746 casti-

831 771 944 800 tatem
961 791 969 800 .
992 763 1151 807 Deinde,
1170 774 1278 810 quam
1293 761 1358 798 ab·

831 816 942 852 surda
956 843 966 859 ,
985 820 1021 852 &
1042 828 1064 851 a
1083 823 1204 852 mente
1226 813 1357 850 Domi-

833 868 871 904 ni
899 869 1018 904 aliena
1048 867 1110 904 illa
1145 866 1326 914 expositio
1346 893 1356 908 ‚

833 919 995 956 Verbum
1013 918 1138 956 datum
1153 948 1163 965 ,
1176 931 1250 954 non
1267 919 1357 954 casti

832 978 956 1008 tatem.

780 1023 933 1072 insuper
945 1023 1075 1062 colum.
1088 1021 1356 1070 859.E,expli-

830 1088 917 1112 cans
932 1076 1079 1112 verbum
1099 1075 1206 1112 Pauli
1230 1076 1262 1112 l.
1283 1075 1356 1111 Co·

830 1128 917 1164 rint.
935 1129 972 1164 7:
993 1127 1251 1176 Vnusquisqne
1271 1139 1353 1175 pro-

830 1181 949 1228 prium
967 1180 1078 1216 habet
1089 1183 1222 1216 donum
1237 1178 1259 1215 ’ὲ
1274 1178 1354 1215 Deo

829 1233 970 1279 inquit:
1001 1231 1041 1268 Si
1069 1231 1258 1280 virginitas
1278 1229 1352 1267 Dei

827 1284 949 1333 potius
993 1283 1087 1320 dono
1129 1283 1319 1320 confertur
1343 1309 1353 1326 ,

828 1335 937 1384 quam
960 1335 1104 1385 propria
1132 1336 1290 1372 bominis
1308 1346 1352 1370 vo

826 1390 967 1425 luntate
977 1394 1160 1431 seruatur,
1172 1399 1261 1436 ergo
1278 1397 1352 1434 proe

826 1441 899 1479 mio
910 1447 1024 1476 caret.
1043 1439 1101 1476 Et
1108 1439 1248 1487 colum.
1259 1438 1349 1474 860.

825 1492 858 1527 A
879 1518 889 1535 ‚
934 1492 1015 1528 ait:
1088 1491 1350 1538 Vnusquisque

825 1544 1010 1591 proprium
1038 1543 1147 1579 habet
1172 1542 1308 1579 donum
1327 1540 1350 1577 a

827 1593 932 1637 De0;
969 1595 1146 1643 propriae‚
1182 1594 1350 1636 scilicet,

823 1645 1051 1683 voluntatis.
1079 1646 1138 1683 Ad
1165 1647 1247 1682 haec
1264 1651 1351 1683 sunt

826 1697 1018 1735 manifeste
1039 1698 1252 1746 pelagiana.

833 1750 925 1788 Vide
967 1749 1251 1787 Bellarmimtm
1298 1747 1347 1784 li-

825 1802 892 1839 bro
925 1803 1090 1840 secundo
1123 1803 1170 1839 de
1207 1800 1347 1838 Mona·

825 1854 908 1891 clais
935 1866 1018 1903 cap.
1050 1854 1114 1891 21.
1147 1855 1180 1904 ᾇ·
1209 1852 1277 1890 lib.
1311 1852 1345 1890 l.

826 1907 873 1943 de
906 1905 1070 1943 Clerielc
1097 1917 1181 1954 cap.
1199 1905 1265 1951 21,
1290 1903 1345 1941 ad

822 1963 1015 2008 quartum.

228 2010 334 2046 nobis
345 2016 420 2046 est.
439 2009 534 2046 Haec
545 2010 620 2054 ille,
635 2013 670 2046 ἃ,
686 2011 757 2047 alia
772 2009 833 2046 Ad
852 2011 931 2047 haec
948 2011 1082 2047 colum.
1098 2010 1188 2047 855.
1209 2007 1243 2044 E
1254 2035 1265 2050 ,
1287 2005 1345 2043 Ex

229 2061 347 2098 multa
374 2061 498 2098 subdit
532 2061 571 2096 in
601 2062 756 2098 eandem

229 2113 465 2157 sententiam,
473 2125 556 2161 quae
568 2114 690 2149 omnia
702 2112 754 2150 Pe

235 2166 380 2215 lagiana
399 2176 493 2213 esse,
513 2165 666 2202 nimium
681 2177 752 2202 cae-

821 2062 1015 2122 perspicua
1042 2061 1185 2121 l'elagij
1211 2058 1345 2099 haereui

822 2113 926 2152 docet
944 2114 1139 2151 discrimen
1165 2121 1343 2172 interesse

1189 2171 1287 2200 inter
