1430 2534
449 226 715 271 Bibliotheca
731 242 785 270 ss.
807 228 1003 269 Pacrum.

176 303 358 342 reuelatio
376 301 422 342 de
441 315 472 342 s.
489 302 716 352 Chrysosto-

176 358 227 395 mi
247 358 365 407 gloria
380 386 390 404 ,
419 358 534 395 immo
549 385 559 402 ,
586 358 623 393 δι
645 355 716 392 fide

177 412 383 456 minuitur,
419 409 518 460 qnod
555 423 631 447 non
667 411 717 446 sit

175 465 376 502 verisimile
404 464 716 513 Chrysostomum

175 517 217 555 in
246 517 353 555 Coelo
376 519 556 568 potiorem
593 517 716 555 loc'um

177 572 350 609 obtinere
385 583 498 622 super
533 570 717 608 Doctores

177 637 309 663 omnes
327 624 532 664 Ecclesiae:
561 624 659 662 Nam
678 632 718 662 vt

177 678 240 728 alij
276 679 429 716 interim
463 678 683 716 omittantur
704 707 713 724 ‚

178 731 279 769 haud
302 739 362 770 est
388 732 575 782 probabile
594 732 716 782 Cryso

176 792 338 823 atomum
359 785 567 824 Athanasio
597 787 714 823 maio-

176 851 257 876 rem
282 851 365 877 esse
388 840 428 876 in
449 852 567 890 regno
589 838 714 876 Coelo-

175 905 285 930 rum:
336 905 465 930 verum
519 906 714 931 monemus

176 958 286 994 quoq3
312 946 494 983 eiusmodi
515 947 715 983 reuelatio-

178 1010 247 1035 nes
265 999 450 1036 interdum
469 999 548 1036 fieri
572 1012 645 1035 non
669 999 713 1060 ad
734 1020 818 1058 Lib·
842 1021 877 1057 1θ

179 1051 445 1089 ostendendam
477 1053 655 1089 maiorem
676 1065 714 1089 in

179 1105 285 1141 oibus
312 1105 468 1142 alicuius
487 1105 615 1142 Sancti
634 1106 712 1154 glo·

179 1158 296 1202 riam3
327 1158 395 1195 sed
415 1158 459 1195 ad
478 1158 715 1196 indicandam

177 1212 423 1248 excellentem
442 1211 628 1260 quandam
644 1241 654 1256 ,
684 1211 716 1247 δι

177 1265 403 1314 peculiarem
415 1266 623 1315 cuiuspiam
637 1264 716 1301 Bea

179 1318 206 1355 ti
221 1318 509 1367 praerogatiuam
526 1346 534 1360 .
547 1331 618 1367 qua
633 1319 715 1368 alijs

177 1371 409 1419 praeminuit3
425 1372 631 1408 cuiusmodi
641 1371 715 1409 fuit

177 1423 279 1461 zelus
298 1425 451 1462 iustitiae
469 1453 479 1468 ,
507 1425 570 1474 qui
590 1426 627 1462 in
646 1438 712 1474 pe-

176 1483 277 1515 ctore
312 1476 573 1528 chrysostomi
621 1478 713 1516 adeo

175 1531 316 1568 exarsit
330 1559 341 1576 ,
360 1538 399 1568 vt
415 1531 547 1569 meriti>
565 1539 711 1582 propte-

125 1587 129 1591 '
176 1595 242 1622 rea
270 1585 309 1622 in
336 1585 476 1622 visione
501 1585 629 1622 diuina
654 1585 711 1622 di-

174 1643 258 1674 ctus
288 1638 340 1675 sit
366 1639 540 1675 assistere
561 1638 713 1676 Throno

177 1689 276 1727 Dei.
303 1690 429 1728 Huius
447 1692 600 1741 generis
619 1692 712 1729 visio

175 1743 239 1781 illa
255 1743 329 1781 fuit
345 1757 375 1784 s.
392 1743 496 1782 Petri
510 1744 710 1781 Dominico

173 1796 297 1834 oblata
311 1825 322 1842 ‚
341 1810 427 1835 cum
439 1798 528 1834 visis
540 1797 711 1834 diuerso-

176 1860 259 1886 tum
286 1849 474 1888 Ordinum
509 1850 712 1899 Religiosis

176 1902 218 1938 in
234 1900 343 1940 Coelo
356 1931 368 1949 ,
395 1903 541 1940 nullum
566 1915 615 1939 ex
634 1903 712 1940 suis

176 1954 336 1992 alumnis
353 1956 503 2005 aspexit
518 1968 528 1992 z
546 1967 637 2005 quas
657 1962 712 1992 ta-

176 2009 240 2044 me
256 2019 363 2045 saera
376 2007 542 2059 Deipara
558 2009 711 2054 eximio,

177 2058 407 2110 &singulari
420 2060 547 2098 fauore
564 2062 634 2098 sub
652 2061 711 2111 pal

174 2112 226 2150 lio
254 2126 324 2151 suo
350 2114 555 2158 occultans,
589 2114 711 2152 eidem

1187 227 1266 269 221

790 299 1049 350 Chrysostomi
1069 312 1205 336 nomen
1215 299 1313 350 Treij
1322 326 1330 342 ,

787 367 856 404 pro
876 353 1061 404 Adelphio
1092 355 1214 403 potuit
1238 354 1329 390 irre-

789 421 875 458 pere
895 420 906 445 :
937 408 996 444 vel
1033 407 1107 443 fuit
1143 406 1330 443 binomius

787 461 920 498 Treius
939 460 1147 511 Adelphius
1165 488 1174 497 .
1208 459 1328 496 Deni-

788 528 861 565 que
883 514 1037 552 verbum
1064 514 1203 550 mansit
1224 541 1234 558 ,
1263 526 1331 550 cur

788 568 1000 606 necessario
1026 567 1263 605 referendum
1283 566 1330 603 ad

790 620 1017 672 hospitium?
1032 621 1064 657 ὃ(
1076 628 1133 658 est
1145 621 1329 658 verisimi-

787 677 812 713 li
839 675 1152 726 Chrysostomum
1177 674 1329 711 domum

788 727 1256 779 Episcopiinuisisse.Haec
1266 741 1330 777 pro

788 784 992 820 assertione
1036 783 1121 819 libri
1163 781 1329 830 alioquin

786 838 999 887 praestantis
1017 836 1250 873 auctoritatis
1266 863 1275 872 .

833 905 876 943 In
896 919 927 943 s.
948 905 1134 955 Gregorio
1150 904 1228 942 Tu-

936 971 1087 996 ronensn
1109 987 1118 996 .

892 1019 1145 1057 Miraculort‘i
1165 1031 1195 1056 s.
1210 1016 1327 1055 Mar-

789 1074 865 1110 tim·
877 1086 911 1110 c.
925 1074 964 1110 5.
979 1072 1052 1109 col.
1066 1073 1183 1109 1753.
1203 1068 1259 1115 Ε,
1275 1073 1330 1108 ad

787 1126 909 1163 initia
928 1126 1072 1175 capitis
1091 1124 1216 1162 scribe
1234 1124 1327 1170 ista,

790 1178 885 1216 Haee
905 1186 980 1216 tota
992 1179 1104 1216 huius
1119 1178 1252 1228 capitis
1260 1191 1329 1215 nar

786 1233 881 1269 ratio
894 1232 940 1269 de
952 1244 984 1269 s.
995 1231 1193 1268 Ambrosio
1207 1232 1326 1268 inter-

787 1292 936 1323 essente
945 1286 1113 1335 exequijs
1121 1283 1327 1330 s.Martini,

787 1338 859 1376 fide
875 1339 1032 1384 vacillat,
1047 1337 1144 1387 quod
1157 1338 1326 1374 secundfi

786 1393 1064 1430 exactissimam
1117 1399 1325 1440 temporum

785 1447 964 1483 rationem
979 1458 1027 1482 ex
1042 1444 1189 1495 magnis
1202 1445 1326 1481 Aucto

784 1500 887 1537 ribus
900 1498 1099 1536 stabilitam
1117 1511 1147 1535 s.
1164 1498 1325 1535 Ambro-

783 1554 861 1590 sius
885 1553 1025 1602 aliquot
1050 1552 1158 1589 annis
1179 1558 1267 1588 ante
1291 1564 1323 1587 s.

787 1605 999 1644 Martinum
1008 1605 1108 1642 diem
1115 1617 1226 1642 suum
1240 1604 1324 1641 obie

785 1659 855 1696 rit.
871 1659 1062 1696 Nimirum
1074 1670 1106 1695 s.
1122 1657 1324 1693 Ambrosia

783 1710 1002 1748 defunctum
1022 1722 1120 1747 anno
1137 1709 1216 1747 Dfii
1229 1708 1323 1747 397.

783 1772 954 1801 sanctum
974 1763 1183 1801 Martinam
1200 1763 1294 1800 402.

785 1818 1006 1855 ostenditur
1019 1817 1060 1853 in
1073 1816 1177 1853 notis
1194 1816 1248 1854 ad
1261 1815 1324 1853 Ro

785 1882 942 1907 manum
982 1869 1324 1920 Martyroloyz‘um

790 1923 851 1960 ll.
891 1922 1135 1968 Novembris,
1159 1924 1208 1974 ,ᾇ
1241 1922 1323 1960 Το-

786 1988 846 2014 mo
865 1978 904 2014 5.
925 1975 1063 2029 Αῃηαί
1077 1976 1234 2015 Eccles.

841 2052 887 2091 In
905 2066 937 2091 s.
956 2053 1108 2092 Victore
1127 2052 1213 2090 Vti-

968 2119 1085 2145 censi.

173 2166 406 2215 postmodum
423 2167 599 2205 ostendit.
631 2167 709 2205 De·
733 2165 953 2206 Sanctitatis
966 2167 1074 2206 laude
1089 2165 1321 2216 insignisVi-

173 2218 257 2258 inde
290 2219 398 2259 facile
433 2221 470 2258 in
508 2219 710 2272 Epistulam
731 2228 810 2259 ctor
830 2250 840 2266 ,
876 2222 974 2260 inter
992 2221 1152 2271 reliquos
1172 2225 1322 2256 sanctos

1146 2272 1267 2309 adseri

795 2274 875 2311 N3
