1474 2534
335 248 575 294 Biblioteca
597 244 675 287 SS.
699 243 893 285 Patrum.
1106 238 1161 278 65

73 326 353 379 generationem
379 335 447 373 per
470 320 609 359 commi

72 382 197 420 stione
215 380 344 425 maris,
369 379 407 414 &
427 375 608 414 foeminae.

77 429 168 474 Vide
185 434 226 472 S.
243 433 372 471 Thom.
396 430 428 467 l.
442 443 480 482 p.
496 441 531 480 q.
547 427 610 464 98.

680 316 800 360 nouit,
820 313 858 350 S.
887 311 1053 350 Thomas
1078 311 1164 360 1.p.
1182 323 1217 360 q.

683 372 736 409 94
755 373 836 407 art.
858 368 893 406 3.

73 491 149 526 art.
174 488 212 524 2.
240 486 359 536 eiusq,·
390 483 613 532 interpretes
633 474 874 517 ColumA59.
893 472 950 519 D,
972 472 1028 510 ibi
1048 472 1089 509 in
1104 472 1220 510 textu,

56 539 59 541 ’
74 539 203 578 Bafies
235 535 381 579 CmneL
413 532 610 573 Valetiam,

74 591 297 636 Molinam,
311 588 344 640 ᾇ
359 586 484 625 Sia-tvi
498 582 563 622 lib.
574 583 610 621 5ὁ

73 642 264 684 ΒὶὀῐὶοτῘι.
276 645 418 680 annot.
437 639 501 677 20.

24 721 618 827 wea3⁷25052233ff⁷3522354

80 836 206 888 quedfi
229 835 348 874 veluti
373 833 540 871 fraterna
558 832 616 868 in-

82 891 192 936 dolis,
205 892 279 928 &a
294 887 420 926 scribe
431 888 472 924 in
486 897 616 934 marq.

82 943 191 983 caute
215 944 316 993 lege,
345 942 397 978 na
414 939 619 978 similitudo

84 997 256 1047 quaedam
274 995 427 1039 indolis‚*
450 1006 526 1030 non
544 992 620 1030 fra·

43 1048 47 1051 Α
86 1057 193 1088 terna
211 1049 426 1087 coniunctio
444 1047 544 1084 inest
557 1058 621 1084 co-

85 1104 194 1142 lubro
210 1115 298 1141 cum
315 1101 471 1140 diabolo.

40 1193 188 1234 Colum.
196 1193 288 1231 436.
299 1189 352 1234 E,
361 1191 403 1228 in
412 1193 529 1231 textu,
538 1201 622 1239 neq,-

87 1247 188 1285 em'm
212 1244 338 1283 adhuc
356 1243 538 1285 sciebant,
553 1239 621 1288 &a

90 1297 198 1348 affige
224 1295 402 1346 margini.
463 1291 626 1331 Temere

89 1351 330 1389 istaadstruit
341 1346 566 1398 BarCepha,
578 1350 627 1384 οῦ

92 1412 238 1443 certum
255 1405 305 1442 sit
321 1402 471 1440 Adamfi
488 1402 528 1438 in
550 1400 626 1438 Pa-

93 1459 230 1505 radiso,
247 1455 449 1496 excellenti
466 1454 626 1505 quadam
660 1477 663 1480 .

93 1513 308 1563 cognitione
330 1509 480 1548 nouisse
497 1508 629 1546 substa

54 1574 57 1575 ’
95 1567 169 1605 tias
179 1564 391 1619 spirituales
404 1564 431 1601 i.
445 1563 627 1614 Angelos,

94 1619 135 1657 S.
149 1619 337 1658 Thomasl
353 1617 499 1669 p.q.94.
518 1630 576 1654 ar.
588 1618 626 1653 2.

94 1673 150 1711 ad
147 1672 271 1724 finem
286 1671 456 1723 corporis
467 1670 582 1707 artic.

48 1756 193 1795 Colum.
205 1755 296 1793 479.
312 1755 356 1797 O,
369 1751 421 1791 ad
434 1751 506 1791 illa
519 1752 632 1792 verba

103 1813 234 1846 textus
255 1836 266 1854 ,
311 1805 633 1844 Animaduerten-

100 1861 152 1899 du
170 1861 233 1899 hic
252 1867 323 1908 est,
342 1860 530 1898 Adamum
557 1862 633 1898 &c.

103 1914 278 1952 adscribe
313 1914 502 1963 mar-qivai,
524 1913 639 1951 Errat

103 1966 210 2019 plane
226 1966 488 2017 Bar-Cephas3
516 1968 568 2004 nfi
581 1967 641 2015 ple

103 2021 260 2059 nissima
286 2033 415 2058 rerum
430 2021 642 2058 humanarfi

106 2074 446 2125 supernaturalium
478 2073 642 2123 cognitio

107 2141 155 2166 ne
172 2156 182 2172 ‚
213 2140 287 2177 qua
313 2127 479 2165 imbutus
497 2126 570 2163 fuit
587 2125 642 2162 A-

684 528 787 566 'l'um
805 529 892 578 quia
909 525 1036 565 vestiti
1055 527 1141 562 erut
1160 521 1224 571 glo

685 583 739 620 ria
751 585 827 620 διο.
844 592 994 631 appone
1006 579 1061 616 ad
1074 575 1226 625 πιανθέ-

686 649 786 680 nem,
808 634 929 673 Caute
945 634 1055 683 lege3
1071 630 1123 667 na
1141 628 1228 666 Ada

686 703 764 727 non
793 689 928 726 habuit
956 697 1091 736 corpus
1110 682 1228 733 glorio

688 757 786 788 sum,
795 750 835 779 vt
844 742 953 780 Beati
966 742 1004 778 in
1016 738 1154 777 Patria:
1163 735 1230 773 sed

691 797 818 834 forsan
837 795 1018 844 intelligit
1035 793 1175 829 donum
1202 789 1230 826 il

687 851 752 888 lud
770 848 1010 900 splendidum
1030 853 1152 883 status
1170 844 1230 880 in-

689 904 877 942 nocentiae
896 916 970 952 quo
991 914 1039 939 ex
1058 899 1232 937 nuditate

692 971 887 1008 corporum
924 956 1053 993 nullus
1087 952 1233 989 orieba-

695 1018 757 1049 tur
791 1011 905 1047 rubor
941 1009 1050 1058 quale
1086 1016 1233 1055 quoque

696 1065 770 1102 erit
787 1065 827 1101 in
850 1063 995 1101 Patria.

647 1144 796 1185 Colum.
807 1144 897 1182 438.
912 1144 957 1187 B,
973 1138 1138 1180 cancella
1156 1140 1237 1179 ἰοίᾶ

694 1203 824 1236 notam
882 1194 1058 1234 Andreae
1112 1191 1238 1243 Masij

696 1249 976 1299 maryinalem,
1006 1248 1052 1285 In
1073 1246 1238 1284 Hebraeo

699 1313 758 1342 est
776 1303 999 1348 Cherubim,
1014 1314 1127 1350 quam
1143 1301 1237 1337 voce

699 1358 970 1408 interpretatur
998 1355 1151 1393 Hebraei
1172 1365 1239 1404 pro

698 1412 831 1463 figuris
854 1409 1106 1460 quibusdam,'
1126 1414 1168 1445 vt
1183 1408 1240 1444 vi-

700 1466 790 1504 dere
826 1471 898 1509 est,
933 1464 1064 1501 Exod.
1101 1463 1167 1499 25.
1207 1462 1241 1513 ᾇ

704 1521 727 1558 3
749 1520 849 1570 Rey.
868 1519 891 1555 7
897 1547 906 1556 .
947 1517 1061 1561 Quod
1079 1516 1241 1566 importu

700 1586 751 1611 na
767 1573 857 1610 huic
874 1573 956 1609 loco
974 1571 1038 1616 sit,
1057 1572 1096 1607 &
1116 1569 1161 1606 ad
1182 1569 1240 1605 ni-

702 1628 756 1665 hil
774 1625 873 1664 aliud
888 1625 1015 1671 faciat,
1030 1623 1104 1661 nisi
1119 1623 1164 1659 ad
1178 1623 1244 1659 ob-

703 1679 929 1718 trudendum
949 1677 1157 1715 Cherubim
1184 1674 1244 1712 Pa

703 1733 818 1772 radisi
853 1730 1028 1770 custodes
1049 1759 1058 1776 ‚
1105 1729 1246 1779 figuras

701 1787 883 1837 quasdam
896 1785 1028 1829 fuisse,
1048 1795 1115 1821 seu
1126 1784 1244 1820 simu-

704 1843 807 1878 lacra
824 1869 833 1885 ‚
861 1852 937 1877 non
954 1851 1063 1876 veros
1091 1837 1244 1887 spiritus

710 1895 925 1944 Angelicos.
954 1892 1083 1936 Quare
1098 1892 1139 1928 in
1158 1897 1244 1927 tex-

709 1955 750 1986 tu
768 1948 845 1985 Bar
864 1946 1021 1996 Cephae,
1049 1944 1094 1981 ad
1113 1944 1246 1981 asteri-

709 2003 843 2040 scum*
855 2000 951 2050 quod
981 1997 1077 2036 male
1097 1997 1247 2035 Masius

710 2056 836 2100 vertit,
869 2055 1010 2104 figuras
1054 2053 1213 2089 restitue
1235 2080 1246 2097 ‚

718 2106 932 2146 Cherubim.

109 2181 192 2219 dam
211 2209 221 2228 ,
237 2178 338 2219 recte
368 2179 555 2230 orig-inem
575 2180 644 2217 sua
664 2177 748 2218 col.
761 2178 850 2215 485.
874 2177 921 2223 A,
936 2178 989 2216 ad
999 2177 1112 2215 verba
1126 2180 1255 2213 tea-tus

1135 2229 1206 2264 im-
