1468 2528
339 262 548 306 Antonius
567 262 619 305 de
638 259 921 318 Rampilogis.

86 336 211 388 culpoe
227 336 386 390 figere,
407 348 476 374 nec
497 340 622 385 potest

1115 261 1170 302 29

733 332 864 370 Verbo
882 332 966 370 eod.
981 332 1041 383 fig.
1058 331 1141 369 ead.

83 398 220 436 bonum
267 396 507 435 meritorium
552 408 621 446 θΡθ
641 403 815 442 F01.365.
828 403 925 441 circa
938 403 974 440 fi.
989 403 1054 440 fol.
1070 401 1230 439 habetur

89 460 190 497 rari.

83 553 214 592 Verbo
236 541 452 591 Gratiarum
471 551 580 589 actio.

247 606 311 643 fol.
326 606 414 643 338.

40 672 251 711 Pri-mitius
279 677 335 710 ois
363 671 504 710 laboris
535 676 626 710 eoru

93 748 176 785 quae
204 740 261 772 est
288 734 405 785 figura
434 734 491 779 B,
530 734 627 772 circa

95 795 259 833 medium
279 795 355 845 folij
375 795 548 839 habetur,
569 794 628 832 his

93 855 220 894 vltimo
263 854 338 894 solo
372 861 626 901 contentatur,

92 917 250 969 legatur,
288 916 356 954 hoc
395 916 522 955 vltimo
552 917 628 955 solo

95 983 346 1016 contentatur.

136 1071 267 1110 Verbo
283 1071 369 1109 eod.
381 1071 444 1122 fig.
457 1070 539 1109 ead.

43 1142 127 1181 Fol.
143 1141 329 1180 l39.cirea
340 1141 440 1179 med.
454 1140 627 1184 habetur,

96 1217 124 1258 9
141 1216 218 1240 non
245 1202 347 1240 debet
371 1215 447 1240 esse
476 1201 631 1238 molestu'.

95 1264 200 1303 nobis
258 1263 358 1301 hane
412 1263 631 1314 portionem

96 1317 193 1355 dare
227 1317 274 1363 ei,
312 1316 531 1367 vestigatur,
562 1327 632 1351 nec

99 1370 202 1408 debet
237 1383 313 1408 esse
347 1369 501 1407 molesta
528 1367 633 1405 nobis

99 1421 197 1462 hanc
215 1423 434 1474 portionem
460 1421 556 1459 dare
587 1420 633 1457 ei.

151 1523 281 1563 Verbo
302 1523 527 1562 Inearnatio.

57 1591 157 1631 C'um
182 1590 387 1630 incaluerit
417 1589 514 1636 Sol,
550 1604 632 1642 quae

101 1644 194 1682 estfi
221 1657 289 1682 ura
302 1643 349 1689 A,
361 1643 427 1680 fol.
440 1644 528 1680 365.
540 1657 631 1694 pau-

99 1697 137 1734 Ιὸ
161 1697 197 1734 in
235 1710 257 1734 a
282 1696 429 1734 initium
456 1695 630 1741 habetur,

100 1751 156 1787 ita
185 1750 265 1787 eius
296 1749 464 1787 absentia
495 1750 634 1787 nostris

101 1802 326 1854 quandoque
399 1802 636 1852 exigentibus

102 1855 305 1900 demeritis,
345 1858 377 1908 ᾇ·
405 1867 484 1905 pro
514 1867 635 1904 pecca

104 1908 162 1952 tis,
183 1906 360 1958 nosfiteit
378 1908 419 1945 in
436 1906 540 1945 bonis
559 1907 636 1944 acti

105 1959 171 1997 bus
197 1959 365 2010 deficere,
393 1960 552 2011 legatur,
579 1960 637 1997 ita

106 2011 186 2049 eius
237 2012 403 2051 absentia
421 2039 431 2057 ‚
499 2013 637 2050 nostris

106 2063 325 2116 quandoque
402 2065 638 2116 exigentibus

107 2116 308 2161 demeritis,
374 2117 406 2168 ᾇ·
470 2118 639 2167 peccatis

56 2188 57 2191 ¹
107 2182 175 2206 nos
201 2170 244 2206 in
275 2169 378 2207 bonis
406 2170 548 2208 actibus
572 2170 638 2207 tle-

92 2222 267 2272 ficimus.

691 465 747 503 sic
784 464 1047 514 spiritualzter
1074 468 1163 500 ante
1190 461 1231 499 lu

693 529 747 567 cis
773 533 931 566 aeternoe
958 527 1138 572 aduentu,
1162 531 1230 563 etc.

693 590 852 641 legatur,
891 591 946 628 sic
971 587 1233 640 spiritualiter

695 657 784 690 ante
806 651 902 690 lucis
928 658 1085 689 oeternae
1103 650 1232 688 aduen

697 719 776 751 tum
812 719 1020 764 speratum,
1065 713 1098 764 §s
1126 710 1233 749 credi

697 783 788 819 tum,
811 775 877 827 ᾀὌ.

739 876 868 914 Verbo
883 873 968 912 eod.
982 873 1043 924 fig.
1056 872 1139 911 ead.

649 940 757 979 Circa
774 941 849 978 fine}
867 939 932 977 fol.
952 939 1041 975 367.
1059 938 1232 983 habetur,

699 1001 765 1039 sed
799 998 1062 1051 personaliter
1101 998 1235 1036 descen

700 1062 792 1100 olens
819 1061 919 1100 venit
947 1063 1068 1112 q'rere,
1088 1060 1235 1111 legatur

699 1123 766 1161 sed
797 1120 1059 1173 personaliter
1104 1120 1238 1158 descen

700 1183 803 1228 dens,
832 1196 909 1220 non
935 1181 1118 1219 mutando
1142 1181 1237 1228 locu',

700 1244 767 1283 sed
803 1249 987 1281 naturam
1029 1242 1239 1280 humanam

701 1305 923 1343 assumendo
941 1332 951 1350 ‚
996 1304 1098 1341 venit
1138 1317 1237 1356 quae-

703 1381 802 1404 rere.

796 1463 928 1501 Verbo
948 1462 1096 1500 eodem.

654 1532 857 1573 Paruulus
888 1538 1003 1570 natus
1033 1538 1086 1570 est
1121 1532 1237 1578 nobis,

705 1608 789 1646 quae
817 1600 872 1632 est
909 1595 1028 1645 figura
1056 1593 1114 1637 B,
1144 1594 1242 1631 circa

703 1656 829 1701 finem,
858 1656 923 1693 fol.
943 1657 1032 1693 371.
1051 1654 1213 1693 habetur
1228 1684 1238 1702 ,

701 1718 756 1755 sic
790 1716 959 1754 Sanctus
994 1717 1056 1754 vir
1070 1716 1243 1768 furibun

705 1770 787 1815 dus,
821 1770 1038 1820 corrigatur,
1069 1770 1243 1822 sicfacto

705 1823 767 1860 vir
771 1822 1028 1875 furibundus.

802 1926 933 1964 Verbo
953 1927 1102 1965 eodem.

654 1993 856 2032 AdoleseEs
897 1994 964 2032 tibi
1003 1995 1086 2032 dico
1113 2009 1242 2046 surge,

708 2061 793 2098 quae
821 2054 878 2085 est
908 2047 1026 2098 figura
1057 2048 1087 2085 C
1108 2076 1117 2093 ‚
1147 2063 1245 2087 clrca

708 2101 834 2144 finem,
864 2100 930 2137 fol.
950 2102 1038 2138 373.
1058 2100 1218 2139 habetur
1234 2131 1244 2147 ,

709 2152 872 2203 singulis
935 2154 1014 2191 suis
1072 2155 1247 2193 membris

703 2205 892 2255 persoluit
930 2207 1047 2251 Deus,
1085 2207 1248 2266 cor-riga}

1118 2275 1196 2312 Sin-
