1430 2534
404 156 647 200 Biblioteca
662 156 740 200 SS.
760 156 955 200 Patrum.

110 259 113 261 Α
131 243 221 270 nom
238 259 248 277 ‚
269 231 306 268 &
319 230 572 268 (dotationem
584 241 668 266 esse

129 284 415 335 impendendam
430 311 440 320 .
481 282 664 332 Equidem

131 339 291 388 pbrosq:
324 338 534 376 Galliarum
572 336 664 387 Epi-

86 416 88 418 ·
131 404 261 442 scopos
277 421 288 438 ,
302 394 338 429 δι
353 392 524 441 insignes
537 388 664 428 Theo-

131 445 238 495 logos
258 446 298 482 in
317 446 376 482 his
388 474 400 491 ‚
419 458 511 494 quos
529 445 664 494 praedi-

133 500 259 536 ximus
289 501 388 536 circa
411 499 665 536 adorationem

135 551 348 602 imaginum
367 553 554 590 erroribus
577 565 665 589 esse

131 613 311 652 versatos,
320 607 383 655 qui
398 613 503 655 gesta
515 606 555 642 in
569 605 665 642 Coei

134 659 507 697 lioFrancofordiensi
522 660 592 696 sub
610 659 667 697 Ca

131 714 212 751 rolo
226 713 383 762 Magno,
395 715 431 751 &
444 714 484 750 in
497 712 664 763 Synodo‚

87 787 89 789 ·
131 779 202 804 seu
235 767 434 806 collatione
458 766 666 804 Parisiensi

131 821 201 858 sub
235 819 426 858 Ludouico
458 819 527 857 Pio
554 819 667 870 probe

133 875 298 911 tenuerit
310 902 321 918 ,
340 871 452 911 facile
475 880 663 922 agnoscet.

133 925 211 964 Sed
225 927 417 964 audiamus
429 926 670 963 Anastasium

134 991 169 1016 s.
194 979 379 1017 Romanae
398 979 581 1017 Ecclesi'ae
602 979 668 1016 Bi-

136 1033 432 1075 bliothecarium,
445 1034 558 1082 quiin
573 1045 670 1083 prae·

136 1086 277 1124 satione
305 1086 482 1124 secundae
501 1086 672 1124 Nicaenae

135 1139 279 1189 Synodi
293 1139 317 1178 ὸ,
328 1152 370 1176 se
381 1139 403 1176 ὲ
419 1139 557 1178 Graeco
568 1141 607 1176 in
618 1139 671 1177 La

135 1194 256 1231 tinum
264 1206 456 1231 conuersae
466 1222 475 1237 ,
489 1193 670 1231 aduersus

135 1247 284 1285 eosdem
304 1246 434 1284 Gallos
452 1246 636 1285 Doctores
658 1276 668 1293 ,

134 1300 265 1338 istaad
285 1300 462 1338 Ioannem
482 1312 587 1338 vul.
610 1301 670 1338 Ro

87 1366 91 1370 ·
134 1365 285 1391 manum
298 1353 518 1392 Pontificem
535 1382 545 1399 ,
563 1354 671 1392 decla

134 1414 213 1445 mat
224 1436 233 1445 .
253 1407 354 1452 Quae
367 1409 468 1445 enim
481 1419 594 1458 super
605 1421 668 1445 ve-

132 1461 353 1498 nerabilium
374 1461 582 1511 imaginem
600 1462 669 1499 ado

133 1515 278 1552 ratione
294 1527 461 1565 praesens
488 1515 666 1564 synodus,

84 1586 86 1588 ·
136 1567 522 1615 Nicoena,docet,haee
534 1571 570 1606 &
585 1569 668 1620 Apo

81 1645 83 1649 ·
130 1621 264 1660 stolica
274 1621 393 1660 Sedes
407 1629 530 1660 vestra
547 1652 556 1666 ‚
571 1623 669 1660 sicut

131 1675 313 1713 nonnulla
325 1677 536 1726 conscripta
552 1677 663 1713 innu-

133 1735 204 1766 unt
218 1757 228 1774 ‚
240 1730 446 1778 antiquitus
464 1731 586 1767 tenuit
598 1758 608 1773 ,
627 1732 664 1766 &

134 1783 353 1820 vniuersalis
373 1782 541 1820 Ecclesia
567 1795 664 1820 sem-

82 1858 85 1861 *
134 1843 381 1884 perveneram
397 1843 470 1881 est,
485 1839 522 1873 &
537 1837 666 1874 hacte-

132 1901 206 1925 nus
224 1896 430 1934 veneratur,
445 1889 666 1938 quibusdam

136 1940 333 1979 dumtaxat
346 1941 541 1980 Gallorum
554 1955 666 1980 exce-

135 1997 221 2044 ptis,
239 1996 374 2044 quibus
393 1997 482 2044 vtiq;
501 1996 667 2034 nondum

134 2055 192 2085 est
202 2049 334 2086 harum
343 2049 482 2086 vtilitas
491 2050 667 2087 reuelata.

134 2103 255 2140 Aiunt
285 2115 434 2152 nanque
461 2103 559 2152 quod
591 2115 666 2140 non

133 2156 185 2193 sit
201 2155 392 2205 quodlibet
418 2169 510 2206 opus
528 2162 667 2194 manus]

135 2208 385 2248 adorandum:
406 2211 512 2260 quasi
531 2223 606 2248 non
620 2212 669 2247 sit

1138 158 1219 201 137

737 228 856 266 codex
872 228 1166 278 Euangeliorum
1183 241 1277 278 opus

737 295 916 320 manuum
931 282 1153 326 Hominum,
1166 295 1279 330 quem

736 336 901 386 quotidie
924 337 1113 373 osculates
1132 336 1274 373 adorat.

739 390 1001 428 Venerabilior
1018 391 1121 427 canis
1139 418 1148 434 ,
1163 402 1276 438 quem

736 456 812 482 non
825 457 908 481 esse
926 456 1019 494 opus
1032 457 1211 480 manuum
1225 444 1275 479 ho

736 499 880 535 minum
921 497 1166 548 proculdubio
1200 510 1277 533 non

735 552 929 602 negabunt
943 579 953 588 .
1009 551 1194 590 Similiter
1213 580 1223 596 ,
1238 552 1277 587 ἃς

736 605 858 643 forma
870 615 1002 654 sancte
1011 605 1278 654 Crucis‚quem

737 672 778 696 se
798 659 953 697 adorare
984 671 1115 696 omnes
1143 659 1277 708 vbique

737 712 945 750 Christiani
959 711 1136 750 fatentur:
1148 712 1192 749 In
1204 725 1278 761 quo

737 766 912 805 videlicet
930 766 1141 805 casiderare
1159 766 1250 803 libet
1267 795 1277 812 ,

738 820 825 869 quia
843 821 875 858 si
893 821 1096 870 quamlibet
1114 819 1278 857 Crucem

739 886 893 911 auream
909 902 919 919 ‚
948 880 1012 912 aut
1028 882 1242 923 argenteam
1267 903 1277 920 ‚

741 934 807 964 aut
849 928 1013 976 ligneam
1050 927 1245 964 adoramus
1267 956 1277 972 ,

742 991 826 1028 quae
838 982 965 1029 vtique
977 993 1052 1018 non
1070 979 1200 1017 eadem
1220 987 1279 1017 est

741 1033 824 1083 ipsa
837 1033 941 1071 Crux
955 1063 965 1079 ‚
979 1035 1016 1070 in
1030 1046 1102 1082 qua
1116 1034 1216 1070 salus
1229 1046 1278 1071 no

741 1093 818 1124 stra
826 1094 969 1137 patrata
982 1094 1053 1132 est;
1066 1086 1131 1124 sed
1145 1086 1277 1136 figura,

742 1142 778 1177 δι
798 1142 924 1190 imago
943 1142 1050 1186 eius;
1069 1153 1185 1190 quare
1199 1153 1277 1178 non

740 1193 935 1231 adoremus
951 1194 1121 1244 figuram,
1133 1196 1170 1231 ἀ
1183 1195 1278 1232 ima-

739 1249 870 1297 ginem
898 1249 979 1285 eius
999 1277 1009 1294 ,
1029 1249 1093 1297 qui
1120 1248 1280 1285 eandem

740 1302 898 1339 salutem
911 1311 1086 1351 operatus
1099 1312 1156 1339 est
1169 1303 1205 1338 in
1218 1314 1279 1339 me

739 1355 800 1392 dio
822 1355 960 1392 terrae?
1017 1355 1277 1393 Venerabilior

740 1421 900 1458 namque
919 1416 977 1446 est
997 1437 1007 1454 ‚
1033 1410 1097 1460 qui
1115 1409 1276 1447 salutem

738 1473 911 1512 operatus
930 1470 987 1500 est
1009 1491 1018 1507 ,
1051 1476 1093 1500 ac
1121 1476 1187 1512 per
1205 1464 1277 1500 hoc

739 1518 859 1566 magis
873 1523 931 1553 est
944 1516 1158 1554 adoratione
1165 1517 1280 1566 digna

737 1570 859 1619 imago
879 1570 1024 1608 Christi
1035 1571 1194 1607 salutem
1208 1583 1278 1620 ope

739 1625 983 1672 rantis,quam
1003 1624 1128 1673 imago
1140 1623 1276 1660 Crucis

740 1678 900 1714 salutem
915 1677 1170 1714 tantummodo
1188 1678 1277 1714 baiu

737 1730 1278 1769 latis.HactenusAnastasius.

703 1847 818 1886 Porro
837 1849 876 1885 in
914 1849 984 1886 hac
1022 1849 1103 1899 ipsa
1141 1849 1272 1887 Gallo-

740 1915 823 1939 rum
851 1901 1131 1952 Theologorum
1175 1904 1276 1940 circa

734 1954 939 2005 imaginum
1018 1957 1273 1994 adorationem

737 2011 943 2046 errantium
991 2011 1109 2047 classe
1159 2010 1275 2046 fuisse

735 2062 975 2101 Vuaifridum
1025 2063 1248 2101 Strabonem
1268 2091 1277 2107 ,

737 2171 784 2196 ez·
818 2158 919 2195 libro
962 2159 1046 2195 eius
1076 2160 1124 2195 de
1163 2159 1278 2195 rebus

737 2211 972 2249 Ecclesiast.
991 2224 1076 2262 cap.
1093 2211 1277 2302 8.lliquet.

1154 2274 1227 2302 tem
