1430 2534
194 1711 378 1752 Columna
409 1714 500 1751 781.

272 228 350 268 168

243 298 489 349 perspicuum
513 306 781 348 argumentum.

259 350 368 394 Quod
396 363 480 388 cum
510 353 547 388 in
568 353 684 389 tribus
702 354 784 389 istis

255 404 501 441 voluminibus
517 406 673 454 scriptor
686 412 783 442 totus

254 456 305 492 sit
323 456 361 492 in
380 456 544 506 Operum
568 458 784 494 commenda

255 508 369 553 tione;
384 522 572 558 nunquam
589 513 687 546 tame
707 522 782 546 me-

253 561 364 598 minit
373 561 498 609 diuine
512 563 716 611 gratiae‚vel
730 563 780 598 mi

252 613 358 649 nimii
375 614 560 664 quidpiam
578 616 613 651 ei
628 615 779 652 tribuit:

251 665 319 702 sed
337 667 461 703 omnia
485 668 598 703 libero
618 667 776 704 arbitrio.

253 716 304 754 Et
315 720 521 767 putabimus
532 719 716 756 s.Sixtum
729 721 778 756 mi

219 790 222 795 ·
251 770 394 808 rificum
408 771 546 810 diuinae
559 772 779 821 gratievindi

250 824 382 868 cem,&
392 833 610 861 assertorem
622 824 674 861 ita
683 825 777 861 silen

250 876 303 913 tio
319 877 493 926 sepelisse
512 876 683 925 gratiam?
702 884 775 926 atq;

248 928 301 965 ita
311 931 473 977 potuisse
488 931 522 965 &
536 929 648 978 loqui,
661 929 692 964 δι
705 931 777 966 scri

250 979 336 1017 bcre
348 979 365 1017 ’ζ
377 980 452 1018 Sed
466 981 573 1018 initio
585 981 776 1029 singulorss

247 1031 423 1071 librorum
447 1034 565 1070 vicera
583 1032 776 1081 Pelagiani

248 1086 384 1123 erroris
396 1085 636 1123 indicabimus
651 1113 660 1122 .
690 1085 776 1129 Quo

246 1138 346 1174 circa
365 1138 496 1175 merito
514 1139 583 1175 viri
600 1138 721 1182 docti,
741 1138 773 1174 &

247 1189 430 1228 Catholici
447 1191 578 1240 quaesti
604 1190 774 1228 videntur

218 1263 220 1265 ·
245 1242 291 1280 de
309 1242 468 1288 Solanio,
487 1242 538 1292 qd
557 1243 657 1292 absq;
678 1244 773 1280 maio

245 1295 276 1332 ri
287 1295 559 1345 delectu.atque
573 1295 708 1332 iudicio
721 1294 772 1332 Pe

244 1347 410 1396 lagianas
446 1349 665 1398 scriptiones
703 1348 772 1385 sub

244 1401 338 1436 tanti
354 1400 519 1438 Potificis
542 1400 638 1437 Sixti
657 1400 771 1448 glorio

241 1462 286 1487 so
305 1453 453 1491 nomine
470 1452 713 1501 publicauerit
728 1478 738 1489 .

245 1502 396 1542 Addita
429 1504 604 1543 Annales
632 1503 767 1541 Eccle-

242 1554 418 1594 siasticos
453 1556 565 1594 Tomo
593 1555 767 1601 Quinto,

242 1607 357 1646 Anno
388 1610 480 1647 440.
517 1609 637 1658 capit.
658 1609 696 1645 7.
734 1610 767 1659 §s

243 1661 503 1711 sequentibus.

553 1686 768 1762 Jnscriptio

246 1765 339 1803 libri
357 1767 404 1804 de
423 1765 596 1815 Diuitcjs
620 1766 678 1802 ita
699 1779 767 1813 po-

244 1823 378 1862 natur,
396 1818 531 1856 Sancto
554 1818 662 1855 Sixto
677 1817 767 1855 Ter-

244 1870 296 1906 tio
345 1869 517 1908 Pontifici
569 1870 737 1908 Maximo
757 1899 767 1915 ,

240 1933 430 1971 perperam
477 1924 674 1972 inscriptus
722 1923 765 1960 li-

242 1973 306 2010 ber
334 1973 379 2010 de
410 1974 562 2024 Diuitijs
582 2003 592 2018 ,
622 1976 654 2024 ᾁ·
684 1980 764 2012 sta-

242 2027 311 2062 !im
323 2032 542 2075 apponatur
553 2027 764 2070 antidotus,

239 2077 332 2114 Toto
350 2079 417 2115 hoc
435 2079 526 2115 libro
552 2079 662 2114 nimis
680 2092 767 2128 aper

241 2128 291 2177 te,
309 2142 349 2168 se
368 2130 506 2168 Auctor
525 2130 763 2179 Pelagianum

549 227 665 270 Bibl.
689 228 828 269 Sanct.
851 228 1039 270 Patrum.

854 301 988 350 prodit.
1010 301 1158 350 integro
1172 301 1269 339 enim
1289 301 1379 339 libro

854 354 946 389 nihil
971 354 1068 390 aliud
1086 361 1239 390 conatur
1254 363 1377 391 osten-

853 405 954 450 dere,
974 419 1083 454 quam
1099 406 1251 443 diuitem
1278 407 1376 443 homi

852 470 939 494 nem
956 470 1003 494 ex
1026 458 1107 495 Deo
1125 471 1196 495 non
1209 471 1305 501 esse,
1321 467 1375 495 to-

853 516 983 558 tusque
1000 511 1039 547 in
1057 523 1100 547 eo
1115 518 1183 555 est,
1198 519 1236 547 vt
1250 512 1378 560 probet

852 563 1072 612 impossibile
1081 575 1161 599 esse
1168 563 1319 599 diuitem
1329 564 1376 600 bo

851 616 989 651 minem
1011 614 1082 651 Dei
1100 623 1280 665 praecepta
1297 628 1376 652 ser-

850 679 950 711 uare,
971 667 1084 704 immo
1098 667 1129 703 &
1144 681 1271 705 omnes
1283 671 1374 717 qua-

848 721 906 755 uis
949 732 1180 757 numerosam
1236 721 1374 770 prolem

847 771 1042 815 habentes,
1061 773 1092 808 si
1106 773 1202 809 salui
1216 785 1297 810 esse
1313 786 1371 809 ve-

847 824 917 861 lint
931 852 941 868 ,
967 825 1083 861 teneri
1111 825 1260 862 diuitias
1290 825 1372 862 abdi

847 889 946 921 care,
958 876 990 912 &
1003 877 1103 913 reddi
1116 879 1372 926 pauperes,qui

847 928 918 965 fuit
932 928 1258 978 errorPelagijgsic
1270 931 1369 966 enim

845 981 1241 1018 sextushaeresumeius
1252 983 1371 1018 articu

845 1033 903 1069 lus
928 1035 965 1070 in
985 1032 1152 1070 Concilio
1167 1034 1372 1083 Diospolita

844 1097 893 1122 no
910 1086 1174 1123 condemnatus
1186 1086 1314 1136 aperte
1325 1090 1370 1123 εὖ

843 1138 950 1175 tinet.
973 1137 1090 1175 Sexto
1105 1159 1116 1184 ,
1152 1138 1184 1174 &
1221 1138 1370 1176 Diuites

844 1190 1044 1240 baptizatos
1060 1219 1070 1235 ,
1105 1191 1178 1227 nisi
1198 1191 1368 1227 omnibus

843 1243 1110 1280 obrenuncient
1129 1251 1142 1289 ,
1160 1244 1190 1279 si
1209 1242 1304 1292 quod
1323 1244 1388 1281 bo.

843 1296 883 1332 ni
901 1296 968 1332 visi
987 1296 1124 1333 fuerint
1138 1295 1272 1339 facere,
1291 1307 1367 1333 non

843 1348 1004 1397 reputari
1022 1348 1117 1392 illis,
1135 1359 1205 1385 nec
1219 1361 1281 1385 eos
1299 1348 1367 1385 ha-

843 1401 927 1437 bere
945 1413 1051 1450 posse
1071 1400 1245 1449 Regnum
1277 1399 1365 1444 Dei,

839 1453 926 1490 vide
982 1452 1169 1490 Sanctum
1227 1453 1317 1502 Any
1320 1466 1364 1490 a·

837 1505 979 1541 atinum
1000 1504 1100 1542 libro
1129 1505 1167 1541 2.
1203 1505 1250 1541 de
1274 1517 1364 1555 pec-

837 1562 924 1593 cato
946 1556 1132 1605 oriyinali
1157 1557 1276 1606 capit.
1303 1557 1363 1593 ll.

837 1609 871 1696 ἶ
914 1608 1094 1657 Epistola
1137 1609 1192 1645 ad
1252 1607 1364 1646 Pau-

856 1673 959 1696 mum
1013 1673 1096 1712 quoe
1149 1665 1207 1698 est
1273 1662 1361 1698 106.

839 1711 888 1749 Et
900 1714 1068 1761 quamuis
1082 1720 1214 1750 cuncta
1217 1725 1313 1760 ,quae
1325 1713 1369 1760 inl

840 1765 909 1802 hac
927 1777 1038 1802 causa
1065 1765 1157 1803 liber
1183 1766 1252 1801 iste
1278 1777 1360 1815 pro-

838 1817 924 1862 fert,
943 1824 1090 1867 possent
1116 1824 1300 1866 vtcunque
1324 1817 1362 1854 in

839 1869 1074 1907 catholicum
1101 1870 1256 1918 aliquem
1275 1881 1359 1909 sen-

836 1934 918 1959 sum
937 1922 1075 1967 reduci,
1095 1921 1188 1971 quod
1202 1934 1276 1959 non
1290 1922 1361 1959 nisi

836 1975 998 2022 egerime
1015 2002 1025 2019 ,
1054 1982 1117 2012 aut
1138 1986 1186 2010 ne
1203 1975 1264 2010 vix
1284 1973 1361 2012 fieri
1416 1975 1421 2032 'j

835 2033 974 2075 queat,
1010 2027 1093 2075 quis
1128 2038 1284 2074 vnquam
1316 2027 1359 2067 in
1416 2041 1420 2070 ;

836 2081 999 2116 animum
1038 2078 1188 2115 inducet
1219 2090 1326 2117 suum
1348 2106 1357 2120 ,

1415 2082 1419 2118 ἱ

832 2138 998 2169 sanctum
1036 2130 1186 2168 Sixtum
1217 2128 1355 2176 Papam
1413 2122 1417 2194 J

1229 2187 1304 2218 tem
