1468 2528
287 264 342 305 26
531 263 739 306 Antonius
758 263 809 305 de
829 261 1100 317 Rampilogis.

354 332 476 372 Verbo
493 333 634 372 eodem.

233 403 334 454 Filij
345 404 466 442 alieni
481 404 607 441 meciti
621 407 682 441 sat
697 404 805 447 milii,

284 469 367 506 quae
393 464 451 495 est
474 457 601 507 figura,
623 457 652 494 B
671 486 680 501 ,
709 459 806 494 circa

285 510 408 556 finem,
429 510 490 548 fol.
514 511 586 548 103
601 538 610 546 .
631 511 806 553 habetur,

285 567 328 599 vt
353 563 453 601 oculi
484 563 716 614 prouideant
748 563 806 600 la-

285 615 464 666 chrymas
494 618 728 655 necessarias
755 617 808 653 ad

286 668 459 706 lauanda
491 674 667 719 peccata,
698 671 729 721 ᾇ
757 670 810 705 ad

285 722 553 760 inebriandum
596 723 807 767 Christum,

286 776 503 825 corrigatur,
522 781 562 812 vt
579 776 682 813 oculi
694 776 810 825 proni

288 829 378 865 defit
407 828 627 878 lachrymas
656 840 809 865 necessa

875 337 997 380 gatur,
1016 330 1148 367 studet
1169 328 1395 366 adiutricem

876 383 1028 420 habere.

893 464 1016 501 Verbo
1033 462 1173 508 eodem,
1192 461 1219 499 f.
1245 462 1330 499 118.

829 535 966 573 Omnia
992 535 1189 572 subiecisti
1216 534 1283 570 sub
1306 534 1399 583 pedi

879 589 946 626 bus
965 589 1057 632 eius,
1073 601 1145 638 que
1161 593 1216 623 est
1236 587 1352 636 figura
1367 585 1397 630 1,

878 641 1160 683 cix-eumedium
1176 668 1186 685 ,
1223 641 1398 683 habetur,

879 695 1061 746 &factus
1079 698 1138 730 est
1154 694 1226 737 ita,
1246 694 1399 741 legatur,

879 748 1079 799 §factam
1098 751 1154 782 est
1174 748 1244 783 ita.

912 830 1033 867 Verbo
1051 829 1130 867 eod.
1151 829 1213 877 fig.
1233 827 1313 865 ead.

287 881 370 918 rias
389 882 442 918 ad
459 881 632 918 lauanda
648 886 810 930 Peccata
830 897 891 935 fol.
908 899 929 934 3
952 898 1103 934 habetur
1116 909 1225 946 prope
1254 895 1401 932 initium

288 947 358 985 que
375 934 574 984 offendunt
598 934 797 972 Christum.

355 1013 477 1052 Verbo
495 1014 633 1051 eodem.

238 1084 395 1122 Deiecit
411 1097 486 1128 eos,
501 1084 553 1120 da
571 1084 812 1121 alleviaretur

290 1150 372 1186 quae
400 1144 457 1174 est
482 1136 600 1185 figura
628 1136 684 1182 C,
716 1137 813 1172 circa

290 1189 464 1236 medium,
477 1190 538 1227 fol.
557 1191 643 1226 105.
660 1189 814 1225 habetur

249 1275 251 1278 .
292 1243 561 1291 temperantia,
590 1242 813 1291 lachrymis,

291 1296 574 1340 constrictione,
599 1297 812 1344 corrigatur,

882 952 946 987 sed
962 950 1030 987 sub
1045 950 1201 987 hominis
1210 953 1404 998 potestate

883 1009 939 1040 est
954 1003 1027 1040 illa
1040 1001 1310 1052 respuere,at5};
1321 1001 1404 1037 vita

884 1067 937 1100 re,
949 1057 1103 1104 legatur,
1116 1055 1182 1091 sed
1199 1054 1268 1090 sub
1287 1053 1401 1090 homi-

883 1109 943 1145 nis
956 1113 1156 1158 potestaete
1176 1113 1231 1143 est
1253 1106 1324 1143 illa
1344 1118 1401 1142 re-

882 1174 1028 1212 spuere,
1041 1161 1110 1211 atq}
1121 1161 1259 1202 vitare,
1270 1159 1403 1208 qratia

884 1216 1096 1252 adiuuante
1113 1213 1264 1250 diuina.

911 1294 1033 1330 Verbo
1052 1293 1135 1331 eod.
1157 1293 1217 1342 fig.
1238 1292 1315 1329 ead.

295 1349 564 1398 temperantia»
590 1347 812 1397 lachrymis,
831 1359 893 1396 fol.
918 1359 1001 1395 119.
1021 1371 1130 1407 prope
1149 1358 1293 1393 initium
1314 1356 1404 1392 habe

291 1402 533 1439 contritione.

387 1488 510 1526 Verbo
527 1487 666 1525 eodem.

241 1559 389 1597 Mulier
409 1557 568 1595 molesta
590 1561 677 1594 erat
703 1555 815 1593 adole

294 1612 415 1650 scenti
429 1640 438 1655 ‚
459 1623 541 1659 quae
561 1617 617 1646 est
635 1609 750 1658 figura
769 1608 814 1654 E,

293 1667 392 1704 circa
403 1665 463 1702 fin.
475 1664 538 1701 fol.
551 1663 636 1699 109.
649 1662 816 1706 habetur,

295 1719 326 1767 ᾇ
352 1720 562 1755 damnatur
590 1720 709 1752 morte
739 1715 815 1751 ἀω-

293 1783 463 1814 monum,
492 1770 648 1818 legatur,
671 1769 701 1814 ᾇ*
729 1768 817 1804 dam

293 1829 416 1861 natur
439 1822 683 1860 damnatione
701 1821 819 1858 daemo

295 1889 397 1914 num.

316 1956 436 1994 Verbo
454 1955 596 2002 eodem,
616 1952 641 1991 f.
667 1954 753 1990 110.

246 2022 395 2061 Mulier
438 2026 566 2058 autem
603 2019 818 2067 proetiosa,

299 2088 382 2125 quae
400 2081 456 2112 est
470 2074 586 2123 figura
600 2072 644 2117 F,
662 2071 757 2107 infra
769 2071 820 2107 ini

299 2130 392 2166 tium
438 2128 591 2164 habetur
611 2153 620 2169 ‚
665 2125 821 2161 studeat

298 2182 528 2220 adiutricem
555 2178 705 2223 habere,
729 2177 823 2214 corri

884 1420 954 1454 tur,
975 1412 1047 1447 imo
1065 1413 1098 1447 si
1123 1410 1216 1446 velit
1244 1409 1349 1446 homo
1367 1410 1406 1444 vi

884 1464 1016 1501 riliter
1041 1463 1249 1505 dominari,
1278 1467 1319 1498 vt
1347 1474 1406 1497 re-

886 1522 969 1553 ctus
984 1516 1133 1552 iudicat
1147 1516 1238 1552 ordo
1250 1516 1361 1560 iuris,
1378 1514 1408 1550 il

889 1569 929 1606 la
941 1569 1065 1606 omnia
1078 1569 1239 1616 reperiet
1259 1568 1407 1604 aetiana

886 1634 983 1666 men,
1019 1622 1243 1670 corrigatur,
1272 1621 1346 1657 imo
1377 1620 1410 1656 si

888 1674 982 1712 velit
1018 1674 1122 1711 homo
1157 1673 1325 1710 viriliter
1362 1674 1410 1709 do

888 1727 1044 1771 minari,
1063 1731 1102 1763 vt
1122 1731 1222 1763 recte
1250 1730 1409 1774 emposta

893 1781 950 1818 lat
969 1780 1060 1817 ordo
1077 1780 1188 1823 iuris,
1201 1779 1327 1815 omnia
1341 1790 1412 1828 que

892 1833 1033 1871 homini
1067 1831 1325 1880 subijciuntur
1339 1859 1348 1872 ,
1378 1831 1410 1880 ᾇ

890 1886 914 1924 ἆ
935 1886 1017 1923 Deo
1035 1890 1136 1929 sunt,
1154 1883 1319 1933 reperiet
1336 1882 1410 1920 sibi

890 1938 1121 1976 adiuuantia
1133 1965 1142 1973 .

891 2009 1012 2047 Verbo
1031 2009 1176 2054 eodem,
1196 2009 1258 2046 fol.
1283 2008 1369 2044 121.

892 2069 1001 2107 Sicut
1012 2082 1105 2106 onus
1117 2082 1252 2119 yraue,
1263 2081 1345 2117 quae
1359 2075 1415 2104 est

893 2123 1009 2172 figura
1038 2123 1086 2167 L,
1123 2124 1219 2160 circa
1254 2121 1413 2158 medium

895 2177 1048 2214 habetur
1070 2204 1079 2222 ,
1126 2177 1158 2227 §-
1210 2173 1418 2232 multiplici

1293 2230 1359 2263 tri-
