1474 2534
290 228 413 285 falso
459 233 609 270 vocant
647 226 848 268 rationem
882 232 1018 267 status
1038 257 1051 275 ,
1097 225 1151 267 ab
1194 223 1423 283 Euangeli-

296 314 347 341 ca
383 330 396 349 ‚
451 299 489 354 ᾂ-
535 296 780 339 Christiana
829 295 920 352 lege
967 295 1252 338 abhorrentem
1299 295 1423 336 indu-

297 375 398 410 cunt
418 398 430 417 ,
450 367 680 410 deleantur.

241 463 539 520 Emplodantur
572 462 772 518 exempla,
809 476 906 518 quae
947 459 1264 503 Ecclesiasticos
1298 461 1422 510 ritus,

295 532 585 588 religiosorum
624 529 803 578 ordines,
852 535 1022 578 statum,
1076 528 1332 584 dignitatem,
1371 542 1422 569 ae

290 614 490 657 personas
509 599 684 650 hedum,
706 599 743 654 ἃ
763 599 933 641 violant.

238 696 422 741 Facetioe
449 700 572 742 etiam
593 731 605 750 ,
639 706 715 741 aut
749 700 937 741 dicteria>
958 732 969 751 ‚
999 700 1045 740 in
1072 700 1314 755 perniciem,
1346 708 1421 742 aut

289 769 589 823 proeiudieium
627 769 780 825 famoe,
834 768 872 824 ᾅ-
933 769 1251 811 existimationis
1316 771 1420 811 alio-

296 852 389 879 rum
407 839 587 884 iactatoe,
601 839 884 895 repudientur.

241 934 398 991 Deniq3
440 936 602 977 lasciua
624 966 637 985 ‚
685 949 782 990 quae
821 936 946 976 bonos
996 933 1127 976 mores
1163 947 1421 990 corrumpere

292 1011 508 1059 possunt,
540 1003 769 1045 deleantur.

243 1100 302 1142 Et
338 1101 376 1142 si
428 1113 525 1156 quoe
563 1102 751 1143 obscena>
789 1099 992 1157 imagines
1013 1131 1025 1150 ‚
1048 1099 1266 1155 praedictis
1303 1101 1421 1142 libris

297 1171 586 1228 expurgandis
631 1171 865 1226 impressae,
903 1177 979 1210 aut
1023 1170 1199 1225 depictoe
1253 1177 1421 1219 extant,

296 1241 420 1282 etiam
463 1241 511 1281 in
557 1240 691 1282 literis
737 1238 1055 1295 grandiusculis
1083 1270 1096 1288 ,
1144 1253 1253 1294 quas
1301 1239 1421 1280 initio

296 1307 496 1349 librorum
517 1339 529 1357 ‚
579 1307 646 1348 vel
692 1307 874 1362 capitum
939 1305 1120 1361 imprimi
1166 1307 1291 1348 moris
1329 1314 1390 1349 est
1406 1325 1418 1346 :

295 1375 421 1418 huius
444 1377 612 1434 generis
638 1377 787 1426 omnia,
819 1376 992 1432 penitus
1013 1375 1291 1418 obliterentur.

239 1543 378 1607 §.HL
427 1544 485 1591 In
529 1543 655 1590 libris
702 1552 855 1591 autem
883 1541 1227 1590 Catholicorum
1264 1559 1418 1591 recen-

304 1610 507 1663 tiorum,
554 1608 634 1672 qui
679 1617 781 1671 post
824 1623 996 1654 annum
1037 1607 1308 1655 Christianae
1353 1625 1417 1655 sa-

304 1674 412 1722 lutis
454 1678 591 1720 1515.
616 1673 860 1747 conscripti
888 1681 1010 1726 sunt,
1045 1673 1081 1718 si
1106 1671 1167 1725 id,
1193 1672 1318 1736 quod
1339 1689 1418 1720 cot

303 1739 553 1803 rigendum
593 1738 807 1792 occurlit,
841 1736 995 1809 paucis
1036 1737 1233 1799 demptis
1268 1772 1281 1790 ,
1339 1747 1419 1784 aut

303 1804 468 1852 additis
508 1802 743 1851 emendari
782 1819 911 1867 posse
946 1800 1157 1848 videatur
1181 1836 1193 1855 ‚
1234 1800 1283 1848 id
1322 1819 1417 1849 cor-

303 1877 503 1916 rectores
528 1867 791 1915 faciendum
832 1874 1010 1919 curent,
1048 1866 1117 1913 sin
1148 1866 1299 1914 minus
1323 1883 1417 1914 om-

301 1934 414 1981 nino
438 1932 663 1981 deleatur.

238 2059 278 2124 ξ.
306 2056 395 2105 IV.
429 2056 487 2103 In
526 2055 655 2104 libris
701 2061 854 2102 autem
903 2053 1250 2103 Catholicorum
1297 2064 1419 2105 vete-

303 2139 422 2178 rum,
447 2120 564 2169 nihil
589 2127 767 2169 mutare
791 2119 856 2167 fas
879 2118 952 2174 sit,
975 2119 1062 2167 nisi
1087 2121 1181 2175 vbi,
1199 2129 1280 2169 aut
1299 2121 1421 2233 ἑνω-

1332 2203 1356 2234 e
