<?xml version="1.0" encoding="UTF-8"?>
<!DOCTYPE html PUBLIC "-//W3C//DTD XHTML 1.0 Transitional//EN"
    "http://www.w3.org/TR/xhtml1/DTD/xhtml1-transitional.dtd">
<html xmlns="http://www.w3.org/1999/xhtml" xml:lang="en" lang="en">
 <head>
  <title>
</title>
<meta http-equiv="Content-Type" content="text/html;charset=utf-8" />
  <meta name='ocr-system' content='tesseract 3.04.00' />
  <meta name='ocr-capabilities' content='ocr_page ocr_carea ocr_par ocr_line ocrx_word'/>
</head>
<body>
  <div class='ocr_page' id='page_1' title='image "./exactreprintofro00gibbuoft_0177.png"; bbox 0 0 1474 2534; ppageno 0'>
   <div class='ocr_carea' id='block_1_1' title="bbox 0 1462 33 2534">
    <p class='ocr_par' dir='ltr' id='par_1_1' title="bbox 0 1462 33 2534">
     <span class='ocr_line' id='line_1_1' title="bbox 0 1462 33 2534; baseline 0 0"><span class='ocrx_word' id='word_1_1' title='bbox 0 1462 33 2534; x_wconf 95' lang='lat' dir='ltr'> </span> 
     </span>
    </p>
   </div>
   <div class='ocr_carea' id='block_1_2' title="bbox 362 241 1215 291">
    <p class='ocr_par' dir='ltr' id='par_1_2' title="bbox 362 241 1215 291">
     <span class='ocr_line' id='line_1_2' title="bbox 362 241 1215 291; baseline -0.013 0"><span class='ocrx_word' id='word_1_2' title='bbox 362 245 570 291; x_wconf 75' lang='lat' dir='ltr'>Biblioth.</span> <span class='ocrx_word' id='word_1_3' title='bbox 592 248 736 288; x_wconf 80' lang='lat' dir='ltr'>Sanct.</span> <span class='ocrx_word' id='word_1_4' title='bbox 761 243 952 285; x_wconf 82' lang='lat' dir='ltr'>Patrum.</span> <span class='ocrx_word' id='word_1_5' title='bbox 1150 241 1215 281; x_wconf 80' lang='lat'>69·</span> 
     </span>
    </p>
   </div>
   <div class='ocr_carea' id='block_1_3' title="bbox 115 317 654 466">
    <p class='ocr_par' dir='ltr' id='par_1_3' title="bbox 115 317 654 466">
     <span class='ocr_line' id='line_1_3' title="bbox 115 317 653 370; baseline -0.009 -11"><span class='ocrx_word' id='word_1_6' title='bbox 115 323 269 359; x_wconf 85' lang='lat' dir='ltr'>basteuo</span> <span class='ocrx_word' id='word_1_7' title='bbox 282 320 462 370; x_wconf 79' lang='lat' dir='ltr'><strong>Princeps</strong></span> <span class='ocrx_word' id='word_1_8' title='bbox 475 318 561 356; x_wconf 85' lang='lat' dir='ltr'>fuit.</span> <span class='ocrx_word' id='word_1_9' title='bbox 584 317 653 354; x_wconf 92' lang='lat' dir='ltr'>Vi-</span> 
     </span>
     <span class='ocr_line' id='line_1_4' title="bbox 120 370 654 413; baseline -0.007 -1"><span class='ocrx_word' id='word_1_10' title='bbox 120 376 168 413; x_wconf 85' lang='lat' dir='ltr'>de</span> <span class='ocrx_word' id='word_1_11' title='bbox 185 373 290 412; x_wconf 89' lang='lat' dir='ltr'>Tom.</span> <span class='ocrx_word' id='word_1_12' title='bbox 306 376 345 412; x_wconf 88' lang='grc'>4.</span> <span class='ocrx_word' id='word_1_13' title='bbox 362 373 564 411; x_wconf 78' lang='lat' dir='ltr'><strong>Annalium</strong></span> <span class='ocrx_word' id='word_1_14' title='bbox 579 370 654 408; x_wconf 89' lang='lat' dir='ltr'>Ec-</span> 
     </span>
     <span class='ocr_line' id='line_1_5' title="bbox 117 429 279 466; baseline -0.012 0"><span class='ocrx_word' id='word_1_15' title='bbox 117 429 279 466; x_wconf 84' lang='lat' dir='ltr'>clesiast.</span> 
     </span>
    </p>
   </div>
   <div class='ocr_carea' id='block_1_4' title="bbox 69 528 658 734">
    <p class='ocr_par' dir='ltr' id='par_1_4' title="bbox 69 528 658 734">
     <span class='ocr_line' id='line_1_6' title="bbox 69 528 657 581; baseline -0.005 -14"><span class='ocrx_word' id='word_1_16' title='bbox 69 543 152 581; x_wconf 80' lang='lat' dir='ltr'>cap.</span> <span class='ocrx_word' id='word_1_17' title='bbox 169 528 553 568; x_wconf 82' lang='lat' dir='ltr'>4.colum.999.D.in</span> <span class='ocrx_word' id='word_1_18' title='bbox 564 532 657 565; x_wconf 81' lang='lat' dir='ltr'>nota</span> 
     </span>
     <span class='ocr_line' id='line_1_7' title="bbox 123 582 658 632; baseline -0.006 -12"><span class='ocrx_word' id='word_1_19' title='bbox 123 596 250 632; x_wconf 69' lang='lat' dir='ltr'>mary.</span> <span class='ocrx_word' id='word_1_20' title='bbox 311 582 470 619; x_wconf 80' lang='lat' dir='ltr'>videndi</span> <span class='ocrx_word' id='word_1_21' title='bbox 500 582 658 618; x_wconf 81' lang='lat' dir='ltr'><strong>facultas</strong></span> 
     </span>
     <span class='ocr_line' id='line_1_8' title="bbox 124 635 658 679; baseline -0.007 -5"><span class='ocrx_word' id='word_1_22' title='bbox 124 644 182 674; x_wconf 88' lang='lat' dir='ltr'>est</span> <span class='ocrx_word' id='word_1_23' title='bbox 210 636 235 674; x_wconf 68' lang='grc' dir='ltr'>ὲ</span> <span class='ocrx_word' id='word_1_24' title='bbox 259 635 356 675; x_wconf 80' lang='lat' dir='ltr'>Deo.</span> <span class='ocrx_word' id='word_1_25' title='bbox 390 635 454 672; x_wconf 87' lang='lat' dir='ltr'>sed</span> <span class='ocrx_word' id='word_1_26' title='bbox 474 647 548 671; x_wconf 89' lang='lat' dir='ltr'>non</span> <span class='ocrx_word' id='word_1_27' title='bbox 569 641 658 679; x_wconf 86' lang='lat' dir='ltr'>tota,</span> 
     </span>
     <span class='ocr_line' id='line_1_9' title="bbox 124 688 656 734; baseline -0.008 -7"><span class='ocrx_word' id='word_1_28' title='bbox 124 689 209 727; x_wconf 80' lang='lat' dir='ltr'><em>dele</em></span> <span class='ocrx_word' id='word_1_29' title='bbox 229 689 347 734; x_wconf 81' lang='lat' dir='ltr'>illud,</span> <span class='ocrx_word' id='word_1_30' title='bbox 367 688 433 726; x_wconf 86' lang='lat' dir='ltr'>sed</span> <span class='ocrx_word' id='word_1_31' title='bbox 461 701 536 725; x_wconf 90' lang='lat' dir='ltr'>non</span> <span class='ocrx_word' id='word_1_32' title='bbox 566 694 656 724; x_wconf 83' lang='lat' dir='ltr'>tota.</span> 
     </span>
    </p>
   </div>
   <div class='ocr_carea' id='block_1_5' title="bbox 72 781 658 834">
    <p class='ocr_par' dir='ltr' id='par_1_5' title="bbox 72 781 658 834">
     <span class='ocr_line' id='line_1_10' title="bbox 72 781 658 834; baseline -0.007 -13"><span class='ocrx_word' id='word_1_33' title='bbox 72 792 156 834; x_wconf 81' lang='lat' dir='ltr'>cap.</span> <span class='ocrx_word' id='word_1_34' title='bbox 170 784 194 820; x_wconf 89' lang='lat'><em>5</em></span> <span class='ocrx_word' id='word_1_35' title='bbox 207 782 344 821; x_wconf 84' lang='lat' dir='ltr'>colum.</span> <span class='ocrx_word' id='word_1_36' title='bbox 355 784 465 820; x_wconf 82' lang='lat'>1004.</span> <span class='ocrx_word' id='word_1_37' title='bbox 483 783 523 820; x_wconf 94' lang='lat' dir='ltr'><em>D</em></span> <span class='ocrx_word' id='word_1_38' title='bbox 541 811 549 826; x_wconf 97' lang='lat'>,</span> <span class='ocrx_word' id='word_1_39' title='bbox 565 781 658 819; x_wconf 75' lang='lat' dir='ltr'>tolle</span> 
     </span>
    </p>
   </div>
   <div class='ocr_carea' id='block_1_6' title="bbox 723 311 1266 620">
    <p class='ocr_par' dir='ltr' id='par_1_6' title="bbox 723 311 1266 620">
     <span class='ocr_line' id='line_1_11' title="bbox 723 311 1263 353; baseline -0.009 -1"><span class='ocrx_word' id='word_1_40' title='bbox 723 314 905 353; x_wconf 82' lang='lat' dir='ltr'>eiusmodi</span> <span class='ocrx_word' id='word_1_41' title='bbox 942 312 1162 350; x_wconf 78' lang='lat' dir='ltr'>cu1·ationib&#39;</span> <span class='ocrx_word' id='word_1_42' title='bbox 1202 311 1263 348; x_wconf 93' lang='lat' dir='ltr'>Do</span> 
     </span>
     <span class='ocr_line' id='line_1_12' title="bbox 724 364 1264 415; baseline -0.011 -9"><span class='ocrx_word' id='word_1_43' title='bbox 724 370 831 414; x_wconf 87' lang='lat' dir='ltr'>mini,</span> <span class='ocrx_word' id='word_1_44' title='bbox 861 370 898 404; x_wconf 88' lang='lat'>&amp;</span> <span class='ocrx_word' id='word_1_45' title='bbox 926 368 958 404; x_wconf 77' lang='lat' dir='ltr'>si</span> <span class='ocrx_word' id='word_1_46' title='bbox 977 366 1048 403; x_wconf 85' lang='lat' dir='ltr'>fide</span> <span class='ocrx_word' id='word_1_47' title='bbox 1076 364 1264 415; x_wconf 64' lang='lat' dir='ltr'>praecipuo</span> 
     </span>
     <span class='ocr_line' id='line_1_13' title="bbox 724 423 1266 465; baseline -0.011 -5"><span class='ocrx_word' id='word_1_48' title='bbox 724 428 887 465; x_wconf 85' lang='lat' dir='ltr'>sanaret,</span> <span class='ocrx_word' id='word_1_49' title='bbox 915 423 953 457; x_wconf 70' lang='grc' dir='ltr'>ἅτ</span> <span class='ocrx_word' id='word_1_50' title='bbox 989 426 1184 457; x_wconf 82' lang='lat' dir='ltr'>contactus</span> <span class='ocrx_word' id='word_1_51' title='bbox 1219 431 1266 454; x_wconf 85' lang='lat' dir='ltr'>ve</span> 
     </span>
     <span class='ocr_line' id='line_1_14' title="bbox 727 473 1263 513; baseline -0.011 0"><span class='ocrx_word' id='word_1_52' title='bbox 727 477 841 513; x_wconf 84' lang='lat' dir='ltr'>stium</span> <span class='ocrx_word' id='word_1_53' title='bbox 871 473 1015 511; x_wconf 85' lang='lat' dir='ltr'>Christi</span> <span class='ocrx_word' id='word_1_54' title='bbox 1053 474 1263 509; x_wconf 83' lang='lat' dir='ltr'>instrumen</span> 
     </span>
     <span class='ocr_line' id='line_1_15' title="bbox 729 525 1264 567; baseline -0.007 -1"><span class='ocrx_word' id='word_1_55' title='bbox 729 536 767 567; x_wconf 85' lang='lat' dir='ltr'>ta</span> <span class='ocrx_word' id='word_1_56' title='bbox 786 529 904 565; x_wconf 86' lang='lat' dir='ltr'>fuisse</span> <span class='ocrx_word' id='word_1_57' title='bbox 924 525 1081 564; x_wconf 84' lang='lat' dir='ltr'>sanandi</span> <span class='ocrx_word' id='word_1_58' title='bbox 1103 539 1177 563; x_wconf 90' lang='lat' dir='ltr'>non</span> <span class='ocrx_word' id='word_1_59' title='bbox 1206 534 1264 562; x_wconf 83' lang='lat' dir='ltr'>est</span> 
     </span>
     <span class='ocr_line' id='line_1_16' title="bbox 726 583 895 620; baseline 0 -1"><span class='ocrx_word' id='word_1_60' title='bbox 726 583 895 620; x_wconf 86' lang='lat' dir='ltr'>dubium.</span> 
     </span>
    </p>
   </div>
   <div class='ocr_carea' id='block_1_7' title="bbox 783 664 1165 786">
    <p class='ocr_par' dir='ltr' id='par_1_7' title="bbox 783 664 1165 786">
     <span class='ocr_line' id='line_1_17' title="bbox 783 664 1165 702; baseline -0.003 0"><span class='ocrx_word' id='word_1_61' title='bbox 783 665 827 702; x_wconf 93' lang='lat' dir='ltr'>In</span> <span class='ocrx_word' id='word_1_62' title='bbox 844 665 929 702; x_wconf 83' lang='lat' dir='ltr'>Tito</span> <span class='ocrx_word' id='word_1_63' title='bbox 945 664 1165 702; x_wconf 82' lang='lat' dir='ltr'>Bostrorum</span> 
     </span>
     <span class='ocr_line' id='line_1_18' title="bbox 874 735 1075 786; baseline 0.005 -14"><span class='ocrx_word' id='word_1_64' title='bbox 874 735 1075 786; x_wconf 78' lang='lat' dir='ltr'><strong>Episcopo,</strong></span> 
     </span>
    </p>
   </div>
   <div class='ocr_carea' id='block_1_8' title="bbox 125 823 1270 887">
    <p class='ocr_par' dir='ltr' id='par_1_8' title="bbox 125 823 1270 887">
     <span class='ocr_line' id='line_1_19' title="bbox 125 823 1270 887; baseline -0.001 -14"><span class='ocrx_word' id='word_1_65' title='bbox 125 836 318 887; x_wconf 83' lang='lat' dir='ltr'>9lossam,</span> <span class='ocrx_word' id='word_1_66' title='bbox 351 836 554 874; x_wconf 84' lang='lat' dir='ltr'>Daemones</span> <span class='ocrx_word' id='word_1_67' title='bbox 582 843 657 872; x_wconf 82' lang='lat' dir='ltr'>tor-</span> <span class='ocrx_word' id='word_1_68' title='bbox 686 823 1138 886; x_wconf 79' lang='lat' dir='ltr'>Colum.1089.in0pei·is</span> <span class='ocrx_word' id='word_1_69' title='bbox 1154 837 1270 872; x_wconf 85' lang='lat' dir='ltr'>inseri</span> 
     </span>
    </p>
   </div>
   <div class='ocr_carea' id='block_1_9' title="bbox 92 887 668 1364">
    <p class='ocr_par' dir='ltr' id='par_1_9' title="bbox 92 887 668 1364">
     <span class='ocr_line' id='line_1_20' title="bbox 125 887 659 939; baseline -0.006 -13"><span class='ocrx_word' id='word_1_70' title='bbox 125 896 287 939; x_wconf 83' lang='lat' dir='ltr'>quentur</span> <span class='ocrx_word' id='word_1_71' title='bbox 314 891 406 939; x_wconf 81' lang='lat' dir='ltr'>igni,</span> <span class='ocrx_word' id='word_1_72' title='bbox 425 890 488 938; x_wconf 91' lang='lat' dir='ltr'>qui</span> <span class='ocrx_word' id='word_1_73' title='bbox 508 887 578 925; x_wconf 87' lang='lat' dir='ltr'>sub</span> <span class='ocrx_word' id='word_1_74' title='bbox 592 901 659 924; x_wconf 88' lang='lat' dir='ltr'>sen</span> 
     </span>
     <span class='ocr_line' id='line_1_21' title="bbox 126 941 660 993; baseline -0.002 -15"><span class='ocrx_word' id='word_1_75' title='bbox 126 955 210 979; x_wconf 84' lang='lat' dir='ltr'>sum</span> <span class='ocrx_word' id='word_1_76' title='bbox 229 955 303 978; x_wconf 89' lang='lat' dir='ltr'>non</span> <span class='ocrx_word' id='word_1_77' title='bbox 321 943 439 987; x_wconf 87' lang='lat' dir='ltr'>cadit,</span> <span class='ocrx_word' id='word_1_78' title='bbox 469 943 503 993; x_wconf 69' lang='lat' dir='ltr'>§s</span> <span class='ocrx_word' id='word_1_79' title='bbox 522 941 660 986; x_wconf 81' lang='lat' dir='ltr'><strong><em>scribe,</em></strong></span> 
     </span>
     <span class='ocr_line' id='line_1_22' title="bbox 127 994 660 1043; baseline -0.004 -12"><span class='ocrx_word' id='word_1_80' title='bbox 127 994 250 1031; x_wconf 59' lang='lat' dir='ltr'>Caute}</span> <span class='ocrx_word' id='word_1_81' title='bbox 267 996 363 1043; x_wconf 78' lang='lat' dir='ltr'>lege:</span> <span class='ocrx_word' id='word_1_82' title='bbox 382 1008 468 1031; x_wconf 82' lang='lat' dir='ltr'>nam</span> <span class='ocrx_word' id='word_1_83' title='bbox 487 996 586 1043; x_wconf 85' lang='lat' dir='ltr'>ignis</span> <span class='ocrx_word' id='word_1_84' title='bbox 603 995 660 1030; x_wconf 89' lang='lat' dir='ltr'>in-</span> 
     </span>
     <span class='ocr_line' id='line_1_23' title="bbox 131 1047 662 1098; baseline 0 -15"><span class='ocrx_word' id='word_1_85' title='bbox 131 1047 229 1084; x_wconf 85' lang='lat' dir='ltr'>ferni</span> <span class='ocrx_word' id='word_1_86' title='bbox 248 1060 460 1098; x_wconf 50' lang='lat' dir='ltr'>corporum,</span> <span class='ocrx_word' id='word_1_87' title='bbox 493 1050 529 1084; x_wconf 69' lang='grc' dir='ltr'>δι</span> <span class='ocrx_word' id='word_1_88' title='bbox 561 1048 662 1088; x_wconf 78' lang='lat' dir='ltr'>sensi</span> 
     </span>
     <span class='ocr_line' id='line_1_24' title="bbox 92 1101 663 1150; baseline -0.002 -13"><span class='ocrx_word' id='word_1_89' title='bbox 92 1130 94 1133; x_wconf 31' lang='lat' dir='ltr'><strong>f</strong></span> <span class='ocrx_word' id='word_1_90' title='bbox 132 1101 178 1137; x_wconf 86' lang='lat' dir='ltr'>lis</span> <span class='ocrx_word' id='word_1_91' title='bbox 206 1108 277 1145; x_wconf 83' lang='lat' dir='ltr'>est,</span> <span class='ocrx_word' id='word_1_92' title='bbox 307 1103 344 1138; x_wconf 72' lang='grc' dir='ltr'>δε</span> <span class='ocrx_word' id='word_1_93' title='bbox 375 1101 582 1150; x_wconf 80' lang='lat' dir='ltr'>appositum</span> <span class='ocrx_word' id='word_1_94' title='bbox 605 1112 663 1136; x_wconf 85' lang='lat' dir='ltr'>as-</span> 
     </span>
     <span class='ocr_line' id='line_1_25' title="bbox 132 1154 666 1199; baseline -0.002 -9"><span class='ocrx_word' id='word_1_95' title='bbox 132 1167 273 1199; x_wconf 82' lang='lat' dir='ltr'><strong>serere,</strong></span> <span class='ocrx_word' id='word_1_96' title='bbox 310 1154 368 1191; x_wconf 81' lang='lat' dir='ltr'>vel</span> <span class='ocrx_word' id='word_1_97' title='bbox 405 1162 464 1191; x_wconf 83' lang='lat' dir='ltr'>est</span> <span class='ocrx_word' id='word_1_98' title='bbox 498 1165 600 1190; x_wconf 81' lang='lat' dir='ltr'>error</span> <span class='ocrx_word' id='word_1_99' title='bbox 627 1154 666 1189; x_wconf 87' lang='lat' dir='ltr'>iu</span> 
     </span>
     <span class='ocr_line' id='line_1_26' title="bbox 132 1206 664 1256; baseline -0.004 -13"><span class='ocrx_word' id='word_1_100' title='bbox 132 1206 218 1251; x_wconf 85' lang='lat' dir='ltr'>fide,</span> <span class='ocrx_word' id='word_1_101' title='bbox 238 1207 294 1244; x_wconf 83' lang='lat' dir='ltr'>vel</span> <span class='ocrx_word' id='word_1_102' title='bbox 322 1207 438 1244; x_wconf 80' lang='lat' dir='ltr'>errori</span> <span class='ocrx_word' id='word_1_103' title='bbox 470 1206 664 1256; x_wconf 72' lang='lat' dir='ltr'>proximu.</span> 
     </span>
     <span class='ocr_line' id='line_1_27' title="bbox 141 1257 668 1298; baseline 0 -4"><span class='ocrx_word' id='word_1_104' title='bbox 141 1259 235 1296; x_wconf 83' lang='lat' dir='ltr'><em>Vide</em></span> <span class='ocrx_word' id='word_1_105' title='bbox 275 1258 527 1298; x_wconf 77' lang='lat' dir='ltr'>Dominicum</span> <span class='ocrx_word' id='word_1_106' title='bbox 577 1257 668 1295; x_wconf 81' lang='lat' dir='ltr'>Soto</span> 
     </span>
     <span class='ocr_line' id='line_1_28' title="bbox 133 1312 667 1364; baseline 0.002 -16"><span class='ocrx_word' id='word_1_107' title='bbox 133 1312 175 1348; x_wconf 79' lang='lat' dir='ltr'>in</span> <span class='ocrx_word' id='word_1_108' title='bbox 187 1314 227 1350; x_wconf 91' lang='lat'>4.</span> <span class='ocrx_word' id='word_1_109' title='bbox 242 1313 335 1350; x_wconf 82' lang='lat' dir='ltr'>dist.</span> <span class='ocrx_word' id='word_1_110' title='bbox 347 1313 412 1350; x_wconf 89' lang='lat'>50.</span> <span class='ocrx_word' id='word_1_111' title='bbox 431 1326 470 1364; x_wconf 84' lang='lat' dir='ltr'>q.</span> <span class='ocrx_word' id='word_1_112' title='bbox 483 1316 518 1351; x_wconf 88' lang='lat' dir='ltr'>l.</span> <span class='ocrx_word' id='word_1_113' title='bbox 534 1317 614 1349; x_wconf 82' lang='lat' dir='ltr'>art.</span> <span class='ocrx_word' id='word_1_114' title='bbox 631 1313 667 1349; x_wconf 80' lang='lat'>2.</span> 
     </span>
    </p>
   </div>
   <div class='ocr_carea' id='block_1_10' title="bbox 135 1364 672 1403">
    <p class='ocr_par' dir='ltr' id='par_1_10' title="bbox 135 1364 672 1403">
     <span class='ocr_line' id='line_1_29' title="bbox 135 1364 672 1403; baseline 0 -2"><span class='ocrx_word' id='word_1_115' title='bbox 135 1365 289 1403; x_wconf 78' lang='lat' dir='ltr'>Sixtum</span> <span class='ocrx_word' id='word_1_116' title='bbox 320 1364 387 1403; x_wconf 86' lang='lat' dir='ltr'><em>lib.</em></span> <span class='ocrx_word' id='word_1_117' title='bbox 407 1369 443 1403; x_wconf 89' lang='lat'>5.</span> <span class='ocrx_word' id='word_1_118' title='bbox 474 1365 672 1403; x_wconf 77' lang='lat' dir='ltr'><em>Biblioth.</em></span> 
     </span>
    </p>
   </div>
   <div class='ocr_carea' id='block_1_11' title="bbox 127 1418 674 1939">
    <p class='ocr_par' dir='ltr' id='par_1_11' title="bbox 127 1418 674 1939">
     <span class='ocr_line' id='line_1_30' title="bbox 137 1418 671 1471; baseline 0 -17"><span class='ocrx_word' id='word_1_119' title='bbox 137 1423 271 1456; x_wconf 80' lang='lat' dir='ltr'>annot.</span> <span class='ocrx_word' id='word_1_120' title='bbox 297 1419 382 1456; x_wconf 88' lang='lat'>145.</span> <span class='ocrx_word' id='word_1_121' title='bbox 404 1421 437 1471; x_wconf 57' lang='lat' dir='ltr'>§s</span> <span class='ocrx_word' id='word_1_122' title='bbox 455 1419 547 1457; x_wconf 81' lang='lat'>219.</span> <span class='ocrx_word' id='word_1_123' title='bbox 587 1418 671 1455; x_wconf 92' lang='lat' dir='ltr'>Do-</span> 
     </span>
     <span class='ocr_line' id='line_1_31' title="bbox 135 1467 446 1510; baseline 0.01 -3"><span class='ocrx_word' id='word_1_124' title='bbox 135 1471 267 1508; x_wconf 80' lang='lat' dir='ltr'>minio.</span> <span class='ocrx_word' id='word_1_125' title='bbox 298 1467 446 1510; x_wconf 65' lang='lat' dir='ltr'><em>Bane-3.</em></span> 
     </span>
     <span class='ocr_line' id='line_1_32' title="bbox 138 1524 671 1575; baseline 0.006 -15"><span class='ocrx_word' id='word_1_126' title='bbox 138 1537 176 1575; x_wconf 84' lang='lat' dir='ltr'>q.</span> <span class='ocrx_word' id='word_1_127' title='bbox 201 1525 266 1562; x_wconf 86' lang='lat'>64.</span> <span class='ocrx_word' id='word_1_128' title='bbox 288 1524 416 1562; x_wconf 71' lang='lat' dir='ltr'>&#39;artic⁸</span> <span class='ocrx_word' id='word_1_129' title='bbox 438 1525 476 1561; x_wconf 87' lang='lat'>4.</span> <span class='ocrx_word' id='word_1_130' title='bbox 495 1524 613 1563; x_wconf 80' lang='lat' dir='ltr'>dubio</span> <span class='ocrx_word' id='word_1_131' title='bbox 633 1527 671 1563; x_wconf 82' lang='lat'>2.</span> 
     </span>
     <span class='ocr_line' id='line_1_33' title="bbox 136 1577 672 1627; baseline 0.002 -13"><span class='ocrx_word' id='word_1_132' title='bbox 136 1577 203 1614; x_wconf 80' lang='lat' dir='ltr'>sed</span> <span class='ocrx_word' id='word_1_133' title='bbox 231 1577 290 1627; x_wconf 63' lang='lat' dir='ltr'>pis</span> <span class='ocrx_word' id='word_1_134' title='bbox 307 1585 428 1626; x_wconf 79' lang='lat' dir='ltr'>potest</span> <span class='ocrx_word' id='word_1_135' title='bbox 454 1578 584 1616; x_wconf 86' lang='lat' dir='ltr'><strong>Victor</strong></span> <span class='ocrx_word' id='word_1_136' title='bbox 614 1579 672 1615; x_wconf 90' lang='lat' dir='ltr'>in-</span> 
     </span>
     <span class='ocr_line' id='line_1_34' title="bbox 140 1629 672 1681; baseline 0.006 -15"><span class='ocrx_word' id='word_1_137' title='bbox 140 1631 273 1679; x_wconf 74' lang='lat' dir='ltr'>telligi,</span> <span class='ocrx_word' id='word_1_138' title='bbox 292 1629 483 1668; x_wconf 75' lang='lat' dir='ltr'>daemones</span> <span class='ocrx_word' id='word_1_139' title='bbox 500 1634 672 1681; x_wconf 86' lang='lat' dir='ltr'>quamuis</span> 
     </span>
     <span class='ocr_line' id='line_1_35' title="bbox 141 1684 674 1731; baseline 0.006 -11"><span class='ocrx_word' id='word_1_140' title='bbox 141 1696 180 1720; x_wconf 85' lang='lat' dir='ltr'>re</span> <span class='ocrx_word' id='word_1_141' title='bbox 197 1696 284 1720; x_wconf 81' lang='lat' dir='ltr'>vera</span> <span class='ocrx_word' id='word_1_142' title='bbox 302 1684 382 1730; x_wconf 80' lang='lat' dir='ltr'>igni</span> <span class='ocrx_word' id='word_1_143' title='bbox 401 1685 543 1731; x_wconf 82' lang='lat' dir='ltr'>sensili,</span> <span class='ocrx_word' id='word_1_144' title='bbox 556 1689 593 1723; x_wconf 88' lang='lat'>&amp;</span> <span class='ocrx_word' id='word_1_145' title='bbox 609 1699 674 1723; x_wconf 86' lang='lat' dir='ltr'>cor</span> 
     </span>
     <span class='ocr_line' id='line_1_36' title="bbox 140 1741 673 1785; baseline 0.008 -13"><span class='ocrx_word' id='word_1_146' title='bbox 140 1748 249 1785; x_wconf 86' lang='lat' dir='ltr'>poreo</span> <span class='ocrx_word' id='word_1_147' title='bbox 266 1741 499 1785; x_wconf 58' lang='lat' dir='ltr'>torqueretur</span> <span class='ocrx_word' id='word_1_148' title='bbox 516 1767 525 1783; x_wconf 90' lang='lat'>,</span> <span class='ocrx_word' id='word_1_149' title='bbox 551 1747 589 1776; x_wconf 86' lang='lat' dir='ltr'>at</span> <span class='ocrx_word' id='word_1_150' title='bbox 609 1745 673 1776; x_wconf 76' lang='lat' dir='ltr'>tssc</span> 
     </span>
     <span class='ocr_line' id='line_1_37' title="bbox 127 1790 674 1838; baseline 0.004 -12"><span class='ocrx_word' id='word_1_151' title='bbox 127 1791 179 1836; x_wconf 73' lang='lat' dir='ltr'>&#39;in</span> <span class='ocrx_word' id='word_1_152' title='bbox 196 1792 386 1838; x_wconf 57' lang='lat' dir='ltr'>presentia</span> <span class='ocrx_word' id='word_1_153' title='bbox 404 1790 547 1829; x_wconf 82' lang='lat' dir='ltr'><strong>Christi</strong></span> <span class='ocrx_word' id='word_1_154' title='bbox 577 1793 601 1829; x_wconf 59' lang='lat' dir='ltr'>a</span> <span class='ocrx_word' id='word_1_155' title='bbox 619 1793 674 1830; x_wconf 86' lang='lat' dir='ltr'>cir</span> 
     </span>
     <span class='ocr_line' id='line_1_38' title="bbox 140 1843 673 1883; baseline 0.006 -3"><span class='ocrx_word' id='word_1_156' title='bbox 140 1843 397 1880; x_wconf 76' lang='lat' dir='ltr'>constantibus</span> <span class='ocrx_word' id='word_1_157' title='bbox 426 1856 494 1880; x_wconf 87' lang='lat' dir='ltr'>nec</span> <span class='ocrx_word' id='word_1_158' title='bbox 520 1846 673 1883; x_wconf 82' lang='lat' dir='ltr'>videba-</span> 
     </span>
     <span class='ocr_line' id='line_1_39' title="bbox 144 1897 547 1939; baseline 0.005 -6"><span class='ocrx_word' id='word_1_159' title='bbox 144 1903 291 1939; x_wconf 64' lang='lat' dir='ltr'>tumeo</span> <span class='ocrx_word' id='word_1_160' title='bbox 303 1897 547 1935; x_wconf 71' lang='lat' dir='ltr'><strong>sentiebatur.</strong></span> 
     </span>
    </p>
   </div>
   <div class='ocr_carea' id='block_1_12' title="bbox 92 1999 680 2210">
    <p class='ocr_par' dir='ltr' id='par_1_12' title="bbox 92 1999 680 2210">
     <span class='ocr_line' id='line_1_40' title="bbox 92 1999 676 2046; baseline 0 -7"><span class='ocrx_word' id='word_1_161' title='bbox 92 1999 162 2039; x_wconf 82' lang='lat' dir='ltr'>col.</span> <span class='ocrx_word' id='word_1_162' title='bbox 184 2001 299 2038; x_wconf 83' lang='lat'>1007.</span> <span class='ocrx_word' id='word_1_163' title='bbox 321 2000 378 2038; x_wconf 91' lang='lat' dir='ltr'>D.</span> <span class='ocrx_word' id='word_1_164' title='bbox 411 2001 498 2038; x_wconf 85' lang='lat' dir='ltr'><em>dele</em></span> <span class='ocrx_word' id='word_1_165' title='bbox 529 2007 676 2046; x_wconf 83' lang='lat' dir='ltr'>notam,</span> 
     </span>
     <span class='ocr_line' id='line_1_41' title="bbox 145 2051 677 2092; baseline 0.006 -3"><span class='ocrx_word' id='word_1_166' title='bbox 145 2051 238 2089; x_wconf 86' lang='lat' dir='ltr'>Non</span> <span class='ocrx_word' id='word_1_167' title='bbox 257 2054 563 2091; x_wconf 76' lang='lat' dir='ltr'>vestimentorum</span> <span class='ocrx_word' id='word_1_168' title='bbox 589 2068 677 2092; x_wconf 87' lang='lat' dir='ltr'>con-</span> 
     </span>
     <span class='ocr_line' id='line_1_42' title="bbox 147 2106 677 2152; baseline 0.002 -9"><span class='ocrx_word' id='word_1_169' title='bbox 147 2113 281 2151; x_wconf 81' lang='lat' dir='ltr'>tactus,</span> <span class='ocrx_word' id='word_1_170' title='bbox 298 2106 361 2142; x_wconf 81' lang='lat' dir='ltr'>sed</span> <span class='ocrx_word' id='word_1_171' title='bbox 382 2106 473 2144; x_wconf 83' lang='lat' dir='ltr'>fides</span> <span class='ocrx_word' id='word_1_172' title='bbox 492 2108 623 2152; x_wconf 69' lang='lat' dir='ltr'>salunt,</span> <span class='ocrx_word' id='word_1_173' title='bbox 641 2111 677 2144; x_wconf 66' lang='grc' dir='ltr'>δι</span> 
     </span>
     <span class='ocr_line' id='line_1_43' title="bbox 146 2158 680 2210; baseline 0.002 -14"><span class='ocrx_word' id='word_1_174' title='bbox 146 2159 284 2205; x_wconf 81' lang='lat' dir='ltr'><strong><em>scribe,</em></strong></span> <span class='ocrx_word' id='word_1_175' title='bbox 299 2158 418 2197; x_wconf 65' lang='lat' dir='ltr'>Canto</span> <span class='ocrx_word' id='word_1_176' title='bbox 429 2160 525 2210; x_wconf 52' lang='lat' dir='ltr'>legen</span> <span class='ocrx_word' id='word_1_177' title='bbox 541 2162 680 2198; x_wconf 83' lang='lat' dir='ltr'>namin</span> 
     </span>
    </p>
   </div>
   <div class='ocr_carea' id='block_1_13' title="bbox 506 1473 674 1520">
    <p class='ocr_par' dir='ltr' id='par_1_13' title="bbox 506 1473 674 1520">
     <span class='ocr_line' id='line_1_44' title="bbox 506 1473 674 1520; baseline -0.006 -11"><span class='ocrx_word' id='word_1_178' title='bbox 506 1473 540 1515; x_wconf 88' lang='lat' dir='ltr'>l,</span> <span class='ocrx_word' id='word_1_179' title='bbox 582 1483 674 1520; x_wconf 81' lang='lat' dir='ltr'>par.</span> 
     </span>
    </p>
   </div>
   <div class='ocr_carea' id='block_1_14' title="bbox 732 889 1288 2108">
    <p class='ocr_par' dir='ltr' id='par_1_14' title="bbox 732 889 1288 2108">
     <span class='ocr_line' id='line_1_45' title="bbox 732 889 1269 938; baseline 0.002 -14"><span class='ocrx_word' id='word_1_180' title='bbox 732 889 873 938; x_wconf 80' lang='lat' dir='ltr'>ptione,</span> <span class='ocrx_word' id='word_1_181' title='bbox 894 891 930 924; x_wconf 85' lang='lat'>&amp;</span> <span class='ocrx_word' id='word_1_182' title='bbox 948 889 1125 938; x_wconf 85' lang='lat' dir='ltr'>deinceps</span> <span class='ocrx_word' id='word_1_183' title='bbox 1141 890 1178 924; x_wconf 88' lang='lat' dir='ltr'>in</span> <span class='ocrx_word' id='word_1_184' title='bbox 1198 890 1269 925; x_wconf 83' lang='lat' dir='ltr'>titu</span> 
     </span>
     <span class='ocr_line' id='line_1_46' title="bbox 733 943 1269 991; baseline 0 -13"><span class='ocrx_word' id='word_1_185' title='bbox 733 943 779 978; x_wconf 83' lang='lat' dir='ltr'>lis</span> <span class='ocrx_word' id='word_1_186' title='bbox 798 943 995 991; x_wconf 76' lang='lat' dir='ltr'>pagium-fi,</span> <span class='ocrx_word' id='word_1_187' title='bbox 1013 943 1097 979; x_wconf 79' lang='lat' dir='ltr'>dele</span> <span class='ocrx_word' id='word_1_188' title='bbox 1118 955 1269 985; x_wconf 63' lang='lat' dir='ltr'>nomem</span> 
     </span>
     <span class='ocr_line' id='line_1_47' title="bbox 739 995 1272 1044; baseline -0.004 -12"><span class='ocrx_word' id='word_1_189' title='bbox 739 996 908 1032; x_wconf 75' lang='lat' dir='ltr'>Sanctus</span> <span class='ocrx_word' id='word_1_190' title='bbox 930 1023 938 1038; x_wconf 93' lang='lat'>‚</span> <span class='ocrx_word' id='word_1_191' title='bbox 957 995 1041 1031; x_wconf 92' lang='lat' dir='ltr'>Tito</span> <span class='ocrx_word' id='word_1_192' title='bbox 1055 996 1244 1044; x_wconf 49' lang='lat' dir='ltr'>proposito</span> <span class='ocrx_word' id='word_1_193' title='bbox 1262 1024 1272 1039; x_wconf 94' lang='lat'><em>‚</em></span> 
     </span>
     <span class='ocr_line' id='line_1_48' title="bbox 735 1048 1274 1098; baseline 0.002 -16"><span class='ocrx_word' id='word_1_194' title='bbox 735 1048 767 1098; x_wconf 53' lang='grc' dir='ltr'><strong><em>ᾇ</em></strong></span> <span class='ocrx_word' id='word_1_195' title='bbox 792 1052 885 1095; x_wconf 76' lang='lat' dir='ltr'>post</span> <span class='ocrx_word' id='word_1_196' title='bbox 917 1049 1210 1097; x_wconf 79' lang='lat' dir='ltr'><em>inscriptionem</em></span> <span class='ocrx_word' id='word_1_197' title='bbox 1231 1049 1274 1084; x_wconf 81' lang='lat' dir='ltr'>in</span> 
     </span>
     <span class='ocr_line' id='line_1_49' title="bbox 737 1100 1275 1150; baseline 0.002 -14"><span class='ocrx_word' id='word_1_198' title='bbox 737 1102 819 1149; x_wconf 82' lang='lat' dir='ltr'>ipso</span> <span class='ocrx_word' id='word_1_199' title='bbox 840 1105 904 1136; x_wconf 81' lang='lat' dir='ltr'>sta</span> <span class='ocrx_word' id='word_1_200' title='bbox 934 1100 986 1136; x_wconf 83' lang='lat' dir='ltr'>im</span> <span class='ocrx_word' id='word_1_201' title='bbox 1013 1101 1275 1150; x_wconf 77' lang='lat' dir='ltr'><em>frontispicio</em></span> 
     </span>
     <span class='ocr_line' id='line_1_50' title="bbox 737 1152 1274 1201; baseline 0.007 -14"><span class='ocrx_word' id='word_1_202' title='bbox 737 1152 864 1201; x_wconf 82' lang='lat' dir='ltr'>operis</span> <span class='ocrx_word' id='word_1_203' title='bbox 881 1154 980 1190; x_wconf 82' lang='lat' dir='ltr'><em>adde</em></span> <span class='ocrx_word' id='word_1_204' title='bbox 996 1153 1217 1192; x_wconf 79' lang='lat' dir='ltr'>huiusmodi</span> <span class='ocrx_word' id='word_1_205' title='bbox 1227 1166 1274 1191; x_wconf 81' lang='lat' dir='ltr'>no</span> 
     </span>
     <span class='ocr_line' id='line_1_51' title="bbox 742 1206 1271 1250; baseline 0.006 -9"><span class='ocrx_word' id='word_1_206' title='bbox 742 1211 823 1242; x_wconf 85' lang='lat' dir='ltr'>tam</span> <span class='ocrx_word' id='word_1_207' title='bbox 845 1234 854 1250; x_wconf 95' lang='lat'><strong><em>‚</em></strong></span> <span class='ocrx_word' id='word_1_208' title='bbox 900 1206 1006 1243; x_wconf 77' lang='lat' dir='ltr'>Titus</span> <span class='ocrx_word' id='word_1_209' title='bbox 1054 1207 1271 1244; x_wconf 76' lang='lat' dir='ltr'>Bostrorum</span> 
     </span>
     <span class='ocr_line' id='line_1_52' title="bbox 740 1258 1276 1309; baseline 0.002 -13"><span class='ocrx_word' id='word_1_210' title='bbox 740 1258 949 1308; x_wconf 82' lang='lat' dir='ltr'>Episcopus</span> <span class='ocrx_word' id='word_1_211' title='bbox 982 1266 1148 1309; x_wconf 82' lang='lat' dir='ltr'>tempore</span> <span class='ocrx_word' id='word_1_212' title='bbox 1182 1261 1276 1298; x_wconf 88' lang='lat' dir='ltr'>Iulia</span> 
     </span>
     <span class='ocr_line' id='line_1_53' title="bbox 742 1312 1277 1362; baseline 0.007 -15"><span class='ocrx_word' id='word_1_213' title='bbox 742 1314 781 1348; x_wconf 88' lang='lat' dir='ltr'>ni</span> <span class='ocrx_word' id='word_1_214' title='bbox 803 1312 983 1361; x_wconf 62' lang='lat' dir='ltr'>Apostatg</span> <span class='ocrx_word' id='word_1_215' title='bbox 997 1314 1145 1358; x_wconf 77' lang='lat' dir='ltr'>claruit,</span> <span class='ocrx_word' id='word_1_216' title='bbox 1165 1326 1277 1362; x_wconf 87' lang='lat' dir='ltr'>quem</span> 
     </span>
     <span class='ocr_line' id='line_1_54' title="bbox 743 1363 1276 1414; baseline 0.006 -13"><span class='ocrx_word' id='word_1_217' title='bbox 743 1363 972 1414; x_wconf 81' lang='lat' dir='ltr'>Episcopatu</span> <span class='ocrx_word' id='word_1_218' title='bbox 997 1367 1132 1404; x_wconf 56' lang='lat' dir='ltr'>eiusde</span> <span class='ocrx_word' id='word_1_219' title='bbox 1162 1367 1276 1404; x_wconf 80' lang='lat' dir='ltr'><em>Vrbis</em></span> 
     </span>
     <span class='ocr_line' id='line_1_55' title="bbox 744 1418 1279 1457; baseline 0.006 -3"><span class='ocrx_word' id='word_1_220' title='bbox 744 1418 906 1455; x_wconf 83' lang='lat' dir='ltr'>lulianus</span> <span class='ocrx_word' id='word_1_221' title='bbox 955 1421 1154 1457; x_wconf 84' lang='lat' dir='ltr'>exturbare</span> <span class='ocrx_word' id='word_1_222' title='bbox 1183 1433 1279 1457; x_wconf 85' lang='lat' dir='ltr'>cona</span> 
     </span>
     <span class='ocr_line' id='line_1_56' title="bbox 747 1472 1277 1516; baseline 0.006 -9"><span class='ocrx_word' id='word_1_223' title='bbox 747 1478 807 1507; x_wconf 81' lang='lat' dir='ltr'>tus</span> <span class='ocrx_word' id='word_1_224' title='bbox 826 1479 897 1516; x_wconf 80' lang='lat' dir='ltr'>est,</span> <span class='ocrx_word' id='word_1_225' title='bbox 930 1479 967 1508; x_wconf 83' lang='lat' dir='ltr'>vt</span> <span class='ocrx_word' id='word_1_226' title='bbox 986 1473 1100 1510; x_wconf 82' lang='lat' dir='ltr'><strong>refert</strong></span> <span class='ocrx_word' id='word_1_227' title='bbox 1121 1472 1277 1510; x_wconf 86' lang='lat' dir='ltr'>Sozome</span> 
     </span>
     <span class='ocr_line' id='line_1_57' title="bbox 746 1525 1281 1576; baseline 0.009 -17"><span class='ocrx_word' id='word_1_228' title='bbox 746 1537 817 1560; x_wconf 89' lang='lat' dir='ltr'>nus</span> <span class='ocrx_word' id='word_1_229' title='bbox 833 1525 883 1561; x_wconf 81' lang='lat' dir='ltr'>lib</span> <span class='ocrx_word' id='word_1_230' title='bbox 902 1526 927 1562; x_wconf 89' lang='lat'><em>5</em></span> <span class='ocrx_word' id='word_1_231' title='bbox 948 1525 1054 1564; x_wconf 78' lang='lat' dir='ltr'>Hist‹</span> <span class='ocrx_word' id='word_1_232' title='bbox 1066 1539 1147 1576; x_wconf 87' lang='lat' dir='ltr'>cap.</span> <span class='ocrx_word' id='word_1_233' title='bbox 1167 1529 1228 1564; x_wconf 91' lang='lat'>14.</span> <span class='ocrx_word' id='word_1_234' title='bbox 1243 1531 1281 1563; x_wconf 67' lang='grc' dir='ltr'>ὅτ</span> 
     </span>
     <span class='ocr_line' id='line_1_58' title="bbox 745 1578 1281 1626; baseline 0.006 -12"><span class='ocrx_word' id='word_1_235' title='bbox 745 1578 822 1626; x_wconf 70' lang='lat' dir='ltr'>aiij,</span> <span class='ocrx_word' id='word_1_236' title='bbox 842 1578 956 1615; x_wconf 74' lang='lat' dir='ltr'>immo</span> <span class='ocrx_word' id='word_1_237' title='bbox 984 1592 1027 1616; x_wconf 83' lang='lat' dir='ltr'>ea</span> <span class='ocrx_word' id='word_1_238' title='bbox 1047 1580 1093 1617; x_wconf 87' lang='lat' dir='ltr'>de</span> <span class='ocrx_word' id='word_1_239' title='bbox 1114 1593 1154 1617; x_wconf 82' lang='lat' dir='ltr'>re</span> <span class='ocrx_word' id='word_1_240' title='bbox 1173 1589 1281 1617; x_wconf 81' lang='lat' dir='ltr'>extat</span> 
     </span>
     <span class='ocr_line' id='line_1_59' title="bbox 748 1630 1280 1679; baseline 0.006 -12"><span class='ocrx_word' id='word_1_241' title='bbox 748 1630 916 1679; x_wconf 74' lang='lat' dir='ltr'>Epistola</span> <span class='ocrx_word' id='word_1_242' title='bbox 933 1631 1066 1669; x_wconf 81' lang='lat' dir='ltr'>Iuliani</span> <span class='ocrx_word' id='word_1_243' title='bbox 1085 1636 1131 1670; x_wconf 82' lang='lat' dir='ltr'>ad</span> <span class='ocrx_word' id='word_1_244' title='bbox 1150 1633 1280 1670; x_wconf 70' lang='lat' dir='ltr'>Bostra</span> 
     </span>
     <span class='ocr_line' id='line_1_60' title="bbox 746 1684 1282 1723; baseline 0.004 -3"><span class='ocrx_word' id='word_1_245' title='bbox 746 1697 815 1721; x_wconf 87' lang='lat' dir='ltr'>nos</span> <span class='ocrx_word' id='word_1_246' title='bbox 835 1684 972 1722; x_wconf 60' lang='lat' dir='ltr'>Graecb</span> <span class='ocrx_word' id='word_1_247' title='bbox 1002 1686 1100 1722; x_wconf 86' lang='lat' dir='ltr'>edita</span> <span class='ocrx_word' id='word_1_248' title='bbox 1127 1686 1282 1723; x_wconf 77' lang='lat' dir='ltr'>Mortufi</span> 
     </span>
     <span class='ocr_line' id='line_1_61' title="bbox 744 1737 1283 1776; baseline 0.006 -3"><span class='ocrx_word' id='word_1_249' title='bbox 744 1744 870 1774; x_wconf 81' lang='lat' dir='ltr'>autem</span> <span class='ocrx_word' id='word_1_250' title='bbox 890 1737 1017 1774; x_wconf 84' lang='lat' dir='ltr'>Titum</span> <span class='ocrx_word' id='word_1_251' title='bbox 1037 1740 1107 1775; x_wconf 87' lang='lat' dir='ltr'>sub</span> <span class='ocrx_word' id='word_1_252' title='bbox 1121 1739 1283 1776; x_wconf 75' lang='lat' dir='ltr'>Valente</span> 
     </span>
     <span class='ocr_line' id='line_1_62' title="bbox 746 1790 1284 1840; baseline 0.002 -13"><span class='ocrx_word' id='word_1_253' title='bbox 746 1790 787 1827; x_wconf 91' lang='lat' dir='ltr'>S.</span> <span class='ocrx_word' id='word_1_254' title='bbox 815 1790 1073 1840; x_wconf 78' lang='lat' dir='ltr'>Hieronymus</span> <span class='ocrx_word' id='word_1_255' title='bbox 1092 1793 1129 1828; x_wconf 90' lang='lat' dir='ltr'>in</span> <span class='ocrx_word' id='word_1_256' title='bbox 1150 1791 1284 1829; x_wconf 79' lang='lat' dir='ltr'>Catalo</span> 
     </span>
     <span class='ocr_line' id='line_1_63' title="bbox 748 1843 1284 1892; baseline 0.007 -14"><span class='ocrx_word' id='word_1_257' title='bbox 748 1855 797 1891; x_wconf 81' lang='lat' dir='ltr'>go</span> <span class='ocrx_word' id='word_1_258' title='bbox 815 1843 952 1892; x_wconf 80' lang='lat' dir='ltr'>prodit.</span> <span class='ocrx_word' id='word_1_259' title='bbox 999 1843 1053 1881; x_wconf 91' lang='lat' dir='ltr'>At</span> <span class='ocrx_word' id='word_1_260' title='bbox 1074 1847 1213 1882; x_wconf 82' lang='lat' dir='ltr'>Auctor</span> <span class='ocrx_word' id='word_1_261' title='bbox 1233 1847 1284 1882; x_wconf 87' lang='lat' dir='ltr'>hu</span> 
     </span>
     <span class='ocr_line' id='line_1_64' title="bbox 748 1897 1284 1947; baseline 0.006 -15"><span class='ocrx_word' id='word_1_262' title='bbox 748 1897 806 1932; x_wconf 91' lang='lat' dir='ltr'>ius</span> <span class='ocrx_word' id='word_1_263' title='bbox 833 1897 959 1946; x_wconf 73' lang='lat' dir='ltr'>operis</span> <span class='ocrx_word' id='word_1_264' title='bbox 985 1910 1070 1935; x_wconf 90' lang='lat' dir='ltr'>cum</span> <span class='ocrx_word' id='word_1_265' title='bbox 1101 1899 1228 1947; x_wconf 50' lang='lat' dir='ltr'>sepius</span> <span class='ocrx_word' id='word_1_266' title='bbox 1250 1901 1284 1936; x_wconf 88' lang='lat' dir='ltr'>ci</span> 
     </span>
     <span class='ocr_line' id='line_1_65' title="bbox 751 1949 1286 2000; baseline 0.007 -15"><span class='ocrx_word' id='word_1_267' title='bbox 751 1956 804 1985; x_wconf 82' lang='lat' dir='ltr'>tet</span> <span class='ocrx_word' id='word_1_268' title='bbox 833 1950 884 1986; x_wconf 90' lang='lat' dir='ltr'>Io.</span> <span class='ocrx_word' id='word_1_269' title='bbox 906 1949 1232 2000; x_wconf 85' lang='lat' dir='ltr'>Chrysostomum‚</span> <span class='ocrx_word' id='word_1_270' title='bbox 1253 1955 1286 1988; x_wconf 71' lang='grc' dir='ltr'>δε</span> 
     </span>
     <span class='ocr_line' id='line_1_66' title="bbox 753 2002 1288 2053; baseline 0.007 -16"><span class='ocrx_word' id='word_1_271' title='bbox 753 2002 896 2039; x_wconf 77' lang='lat' dir='ltr'>lsidoru</span> <span class='ocrx_word' id='word_1_272' title='bbox 931 2002 1160 2042; x_wconf 80' lang='lat' dir='ltr'>Pelusiotam</span> <span class='ocrx_word' id='word_1_273' title='bbox 1181 2005 1288 2053; x_wconf 83' lang='lat' dir='ltr'>Chry</span> 
     </span>
     <span class='ocr_line' id='line_1_67' title="bbox 751 2056 1288 2108; baseline 0.007 -18"><span class='ocrx_word' id='word_1_274' title='bbox 751 2057 904 2092; x_wconf 83' lang='lat' dir='ltr'>sostomi</span> <span class='ocrx_word' id='word_1_275' title='bbox 927 2056 1166 2108; x_wconf 80' lang='lat' dir='ltr'>discipulum3</span> <span class='ocrx_word' id='word_1_276' title='bbox 1196 2060 1288 2094; x_wconf 79' lang='lat' dir='ltr'>item</span> 
     </span>
    </p>
   </div>
   <div class='ocr_carea' id='block_1_15' title="bbox 741 2108 1286 2158">
    <p class='ocr_par' dir='ltr' id='par_1_15' title="bbox 741 2108 1286 2158">
     <span class='ocr_line' id='line_1_68' title="bbox 741 2108 1286 2158; baseline 0.002 -13"><span class='ocrx_word' id='word_1_277' title='bbox 741 2110 787 2154; x_wconf 14' lang='lat' dir='ltr'>A&amp;</span> <span class='ocrx_word' id='word_1_278' title='bbox 827 2108 1014 2158; x_wconf 77' lang='lat' dir='ltr'>Cyrillum</span> <span class='ocrx_word' id='word_1_279' title='bbox 1061 2111 1286 2148; x_wconf 84' lang='lat' dir='ltr'>Alexandri-</span> 
     </span>
    </p>
   </div>
   <div class='ocr_carea' id='block_1_16' title="bbox 752 2164 1292 2253">
    <p class='ocr_par' dir='ltr' id='par_1_16' title="bbox 752 2164 1292 2253">
     <span class='ocr_line' id='line_1_69' title="bbox 752 2164 1292 2212; baseline 0.002 -15"><span class='ocrx_word' id='word_1_280' title='bbox 752 2173 840 2198; x_wconf 84' lang='lat' dir='ltr'>num</span> <span class='ocrx_word' id='word_1_281' title='bbox 865 2191 873 2207; x_wconf 92' lang='lat'><em>,</em></span> <span class='ocrx_word' id='word_1_282' title='bbox 894 2165 928 2199; x_wconf 64' lang='lat' dir='ltr'>Sc</span> <span class='ocrx_word' id='word_1_283' title='bbox 950 2164 1292 2212; x_wconf 77' lang='lat' dir='ltr'>costetChrysosto</span> 
     </span>
     <span class='ocr_line' id='line_1_70' title="bbox 936 2215 1234 2253; baseline 0.007 -2"><span class='ocrx_word' id='word_1_284' title='bbox 936 2215 970 2251; x_wconf 86' lang='lat' dir='ltr'>E</span> <span class='ocrx_word' id='word_1_285' title='bbox 1095 2243 1100 2247; x_wconf 83' lang='lat'><em>-</em></span> <span class='ocrx_word' id='word_1_286' title='bbox 1129 2230 1234 2253; x_wconf 73' lang='lat' dir='ltr'>tuum</span> 
     </span>
    </p>
   </div>
  </div>
 </body>
</html>
