1430 2528
243 210 328 252 214

239 282 335 318 inter
352 281 440 319 alios
466 290 614 320 sanctos
629 282 757 333 Grego

241 334 318 372 rius
347 334 502 372 habetur
531 336 572 372 in
595 335 764 374 Romano

242 384 511 436 Martyrologio
534 388 595 426 17.
619 388 763 426 Nouem

240 438 317 476 bris
337 464 346 475 .
382 438 522 477 Verum
560 442 762 490 opportune

240 497 327 528 ante
338 504 370 528 s.
381 491 552 542 Gregorij
560 492 762 532 Turonesis

241 543 364 593 Opera
381 545 646 594 praefigendum
662 546 762 584 vide-

241 605 302 634 tur
314 596 490 634 iudicium
502 597 672 636 Hilduini
686 599 762 637 Ab-

238 649 335 687 batis
355 650 395 686 in
426 650 698 700 Areopagiticis
718 652 764 689 ad

241 701 471 740 Ludouicum
492 702 614 749 Pium,
629 704 725 753 quod
739 706 764 741 il

240 754 276 791 le
295 755 397 792 hisce
416 756 538 793 verbis
556 758 762 806 expressit:

239 806 429 845 Caeterum
453 807 677 857 parcendum
709 818 766 847 est

240 860 468 909 simplicitati
489 860 568 898 Viri
604 863 766 910 religiosi

240 911 414 961 Gregorij
427 912 652 951 Turonensis
676 914 765 963 Epi-

240 965 356 1013 scopi,
368 965 429 1012 qui
441 966 556 1002 multa
567 967 686 1012 aliter,
695 970 767 1015 qufi

241 1018 374 1054 veritas
388 1029 428 1053 se
441 1018 563 1064 habet,
579 1020 767 1057 aestimans

242 1082 317 1106 non
325 1066 531 1107 calliditatis
544 1071 709 1108 actuzsed
723 1073 766 1109 be

203 1122 207 1124 ’
239 1122 446 1170 nignitatis,
467 1124 502 1159 &
522 1123 766 1173 simplicitatis

238 1173 338 1210 Voto
369 1175 500 1211 litteris
530 1177 767 1214 comendauit

239 1225 335 1263 Haec
349 1226 576 1266 Hilduinus.
612 1227 662 1267 Et
680 1229 765 1267 verb

238 1279 417 1316 nonnulla
479 1282 520 1316 in
566 1279 764 1331 Opusculis

204 1373 206 1377 y
238 1345 269 1368 s.
287 1331 454 1382 Gregorij
472 1331 697 1371 Turonensis
706 1347 764 1371 re-

238 1385 358 1431 perire
371 1385 471 1429 licet,
496 1398 580 1434 quae
599 1399 684 1423 cum
702 1387 762 1423 hi-

239 1436 374 1473 storica
393 1437 547 1474 veritate
562 1443 683 1487 aperte
697 1451 762 1488 pu-

238 1494 357 1536 guant
376 1515 384 1525 .
415 1488 557 1525 Horum
586 1490 707 1538 aliqua
724 1492 763 1527 in

239 1540 412 1577 Annalib.
419 1539 686 1579 Ecclesiastieis
697 1542 762 1579 ob-

238 1599 435 1630 seruantur
451 1620 461 1631 .

281 1643 326 1681 In
348 1643 597 1694 Chronologia
614 1644 683 1683 Ni-

208 1693 213 1695 *
401 1698 563 1748 cepbori.

187 1750 334 1788 Colum.
350 1750 439 1788 973.
459 1750 605 1799 A,post
625 1750 763 1788 inscri-

234 1804 370 1852 ptione?
393 1801 528 1852 Operis
543 1802 729 1855 ‘adiunye
752 1830 762 1847 ,

239 1855 336 1892 Cum
358 1867 542 1892 consensu
558 1855 685 1892 omnin
704 1855 764 1892 Au

235 1914 315 1944 ctor
347 1904 460 1944 huius
501 1908 761 1956 Chronologiae

236 1972 266 1995 s.
274 1958 367 1995 Nice
376 1959 511 2007 phorus
523 1958 765 2009 Costiitinopo

235 2011 374 2048 litanus
383 2010 553 2059 Episcop⁹
565 2019 764 2057 asseratur,

238 2075 351 2114 quem
386 2075 433 2100 ex
461 2063 685 2103 certissimis
699 2067 764 2102 Au

234 2114 408 2156 cleribus
468 2114 569 2154 diem
623 2114 763 2165 oszsse

473 208 734 255 Bibliotheca
753 215 800 256 S.
823 216 1009 259 Patrum.

830 301 931 327 anno
977 289 1274 334 Dmm'ni828.
1317 293 1357 331 in

831 352 985 390 Annal.
1068 354 1358 395 Ecclesiasticis

837 414 950 452 Tomo
1000 417 1062 455 10.
1133 419 1308 469 refertur
1347 449 1357 466 ,

831 477 1042 514 necessario
1062 478 1358 518 dicedn'rheodo

833 534 910 565 tum
929 527 1164 573 cassiteram,
1179 534 1356 578 Antonin,

835 581 1010 619 loannem
1027 585 1206 632 syncello.
1226 584 1358 623 Metho

830 634 946 678 dium,
960 634 1146 683 Ignatium
1159 636 1356 682 Eunucho,

830 688 893 735 qui
914 695 996 736 post
1013 688 1263 738 Nicephorum
1285 689 1356 740 Epi

831 742 929 789 scopi
954 739 1358 792 constantinopolitani

833 792 989 829 inferius
1016 793 1055 829 in
1083 795 1151 831 hac
1169 794 1357 832 Chronolo

822 846 884 894 gia
899 853 1226 891 recensentur‚non
1236 860 1258 884 a
1269 847 1357 884 s.Ni

832 898 990 946 cephoro
1001 909 1011 940 ;
1021 899 1087 936 sed
1106 899 1152 936 ab
1163 900 1357 937 Anastasio

834 948 1130 997 Bibliothecario,
1161 951 1242 988 hui⁹
1267 953 1356 989 ehro

833 1002 988 1050 nologiae
1015 1003 1215 1053 interprete
1248 1032 1258 1050 ,
1294 1006 1358 1055 qui

834 1061 996 1104 tempore
1026 1055 1161 1106 ignatij
1179 1055 1326 1095 vinebat
1344 1085 1356 1103 ,

834 1106 993 1144 adiectos
1006 1107 1118 1146 fuisse
1131 1135 1141 1145 .

780 1207 861 1247 Col.
877 1209 968 1246 973.
986 1209 1032 1256 E,
1049 1211 1090 1247 in
1109 1215 1233 1255 textu,
1251 1210 1356 1254 Qua-

830 1273 870 1298 re
898 1263 991 1299 satis
1029 1265 1152 1300 mirari
1179 1275 1253 1300 non
1270 1276 1354 1313 pos-

828 1326 912 1351 sum
925 1316 994 1352 &c.
1021 1316 1151 1365 adfiye
1175 1316 1354 1366 margini,

831 1366 989 1404 Contius
1001 1367 1090 1405 dum
1108 1365 1222 1405 nimio
1232 1368 1355 1406 studio

831 1420 1070 1469 septuaginta
1113 1421 1354 1470 interpretum

829 1471 1073 1510 Trfislationis
1116 1471 1357 1522 chronologi&

829 1529 1043 1568 tuetur,non
1050 1524 1149 1561 videt
1158 1537 1198 1561 se
1209 1524 1355 1561 incaute

830 1574 1005 1612 Hebraici
1019 1575 1136 1622 Fotis,
1150 1578 1187 1612 δε
1198 1577 1356 1625 vulgatae
1426 1585 1430 1601 ³

829 1625 1013 1664 Editionis
1031 1629 1302 1677 chronologiam
1320 1630 1355 1667 la

821 1679 1021 1725 befactare,
1033 1693 1104 1730 que
1117 1693 1200 1718 eum
1214 1682 1276 1718 illa
1288 1683 1352 1719 70.

829 1732 1071 1782 interpretum
1098 1733 1290 1784 perspicue
1303 1746 1359 1783 pu·
1427 1722 1430 1767 i

829 1793 920 1833 gnat
936 1813 944 1822 .
960 1784 1009 1822 Et
1020 1784 1150 1823 Patres
1167 1794 1354 1836 corrupte·

829 1837 902 1873 lam
915 1838 978 1874 70.
991 1838 1230 1888 interpretum
1243 1850 1353 1876 exem

830 1890 946 1939 plariss
962 1889 1120 1939 ingenue
1133 1889 1325 1941 profitetur
1340 1918 1351 1929 .

841 1958 934 1997 Vide
970 1958 1038 1998 lib.
1076 1961 1123 1999 de
1153 1957 1352 1997 Antichri-

831 2015 889 2050 sto
926 2012 976 2049 P.
1014 2010 1166 2051 Thomoe
1185 2007 1352 2057 Maluen

831 2064 889 2101 dae
921 2062 1050 2102 Tlreol.
1076 2063 1263 2107 Dominio.
1283 2062 1350 2103 lib.
1416 2080 1418 2082 ·

834 2116 1000 2168 Leupit.
1020 2115 1078 2156 14.
1102 2116 1160 2157 15.
1182 2115 1269 2205 16.I

1271 2179 1295 2204 n
