1442 2514
600 212 797 271 Preface.
1222 211 1309 254 xlix

100 298 236 338 tender
267 299 429 339 mercies
457 298 656 338 exhibited
687 299 730 337 in
759 297 840 338 this
870 297 1131 336 Enchiridion
1152 312 1161 335 ε
1206 298 1309 337 Haec

100 352 294 392 correctio
322 352 556 391 vniuersalis
594 350 817 389 Bibliorum
852 351 985 402 quoad
1020 350 1244 398 summaria,
1277 351 1310 386 ὃς

101 404 265 453 scholia,
280 406 312 441 δι
324 418 418 452 non,
434 418 515 456 quo
523 404 574 442 ad
587 404 870 442 correctionem
884 408 1036 442 textus:
1059 403 1153 455 quia
1162 402 1308 449 Biblia,

101 470 180 507 que
198 458 388 496 deficiunt
397 457 441 496 in
457 462 581 505 textu,
600 457 711 494 iuxta
729 455 883 497 Concil.
900 455 1076 494 Trident.
1098 469 1192 493 seSS.
1214 457 1250 492 4.
1266 455 1309 492 in

100 510 204 548 decr.
236 509 285 548 de
314 523 391 549 vsu
418 523 561 548 sacror.
589 508 678 547 libr.
709 522 859 559 semper
889 507 1079 546 comburo
1099 522 1109 545 ε
1139 507 1173 544 &
1204 507 1309 545 facio

99 562 407 612 experimentum
419 561 462 600 in
480 562 516 600 3.
533 575 616 612 cap.
638 560 816 600 Genesis.
836 559 906 598 vbi
924 559 1097 606 inuenio,
1109 559 1151 597 in
1165 559 1308 597 sudore

98 614 234 652 vultus
253 614 326 661 tui,
345 614 514 653 vesceris
531 627 644 665 pane,
664 613 788 651 donec
811 612 1019 651 reuertaris
1043 612 1085 649 in
1111 614 1216 649 terra
1234 625 1244 649 2
1274 613 1308 649 Sc

99 670 152 703 no
171 666 280 715 dicit,
298 667 341 704 in
366 666 510 705 sudore
533 666 669 704 vultus
688 665 747 703 tui
764 665 935 703 vesceris
959 678 1060 715 pane
1077 669 1160 710 tuo,
1181 663 1307 701 donec

101 718 167 757 διο.
187 732 260 769 ego
278 718 362 757 sine
389 718 630 765 remissione,
659 723 859 769 tamquam
888 722 1039 755 textum
1065 721 1306 766 svspectum,

100 783 181 808 non
196 777 351 809 transeo
367 770 417 808 ad
435 771 561 822 ipsam
580 769 839 818 eensurando,
851 769 919 809 sed
936 767 1156 820 igniend0.¹¹

151 821 237 860 The
255 823 458 873 following
475 836 570 873 very
587 821 832 861 remarkable
849 835 1012 873 passage
1035 821 1069 859 is
1095 821 1138 859 in
1154 820 1181 859 f.
1198 820 1278 858 218
1295 835 1305 858 :

98 874 287 913 Finaliter
304 887 550 925 summopere
567 888 662 912 caue
676 875 700 911 a
715 874 888 926 quodam
901 873 1019 922 libro,
1034 873 1146 912 cuius
1164 873 1307 911 titulus

98 932 159 965 est
176 926 301 965 Index
319 926 513 966 librorum
532 927 863 977 expurgfidorum,
882 926 1110 977 impressus,
1130 925 1306 972 Madriti‚

97 992 165 1029 per
191 978 402 1017 Alfonsum
428 979 660 1017 Gomezium
685 978 760 1017 sub
783 992 886 1016 anno
920 978 1032 1017 1584.
1063 991 1154 1016 cum
1172 977 1306 1027 potius

97 1030 337 1069 credendum
356 1031 409 1070 sit
425 1031 528 1069 falso
548 1030 789 1081 adscriptum
812 1044 896 1068 esse
923 1030 965 1068 in
993 1044 1039 1068 eo
1057 1030 1098 1068 in
1121 1030 1190 1067 tali
1208 1029 1305 1067 ciui-

97 1087 203 1120 tate:
234 1082 267 1119 &
296 1096 366 1133 per
391 1083 541 1121 dictum
573 1082 783 1120 Alfonsum
811 1082 1047 1132 impressum
1079 1081 1230 1119 fuisse:
1260 1095 1306 1119 ac

97 1135 215 1173 etiam
240 1134 344 1173 falso
374 1135 619 1185 adscriptum
645 1148 729 1173 esse
747 1134 846 1172 tanti
864 1134 1049 1185 supremi,
1070 1133 1101 1169 δε
1121 1132 1307 1171 catholici

97 1192 255 1225 senatus
267 1186 406 1225 ordine
419 1187 668 1237 impressum,
682 1200 727 1224 ac
746 1186 796 1224 ab
814 1198 861 1224 eo
879 1186 1040 1224 editum.
1087 1184 1172 1223 The
1190 1199 1306 1224 cause

96 1239 144 1276 of
166 1237 234 1277 the
262 1239 566 1278 condemnation
594 1239 641 1277 of
662 1238 750 1276 that
786 1237 912 1276 Index
944 1251 1105 1288 appears
1131 1242 1173 1275 to
1205 1237 1306 1275 have

96 1290 196 1329 been
209 1290 302 1330 this.
357 1290 473 1330 Some
490 1290 617 1329 works
636 1291 683 1328 of
697 1290 786 1329 Car.
807 1289 1037 1337 Molinaeus,
1056 1303 1079 1327 a
1095 1289 1243 1328 heretic
1262 1290 1310 1327 of

97 1343 166 1381 the
190 1344 278 1382 first
298 1343 414 1391 class,
433 1356 532 1381 were
557 1342 724 1380 allowed
747 1341 802 1393 by
827 1342 860 1379 it
882 1347 923 1380 to
954 1341 1004 1379 be
1027 1342 1120 1379 read
1138 1341 1307 1380 without

97 1395 315 1434 correction
329 1394 354 1442 3¹
374 1395 627 1446 particularly
646 1394 708 1433 his
730 1394 954 1432 Comment.
975 1406 1103 1444 super
1120 1400 1304 1433 consuet.

98 1446 242 1486 Paris.
258 1461 273 1489 ,·
301 1447 380 1485 and
411 1447 539 1498 again,
558 1460 615 1485 we
630 1459 695 1485 are
712 1446 811 1494 told,
836 1446 1016 1484 similiter
1040 1446 1083 1484 in
1107 1446 1306 1495 practica

97 1497 286 1549 papien)
314 1504 430 1547 errat,
464 1501 574 1550 (nam
598 1499 781 1550 quamuis
808 1498 851 1536 in
875 1511 920 1535 ea
945 1498 1138 1536 nonnulla
1157 1498 1302 1546 deleat)

95 1556 225 1590 tamen
244 1564 336 1603 quae
354 1550 577 1591 annihilant
598 1556 742 1589 statum
761 1550 1068 1588 ecclesiasticum
1086 1563 1168 1588 non
1187 1550 1302 1588 delet.

94 1602 182 1642 Itis
199 1603 294 1642 then
309 1603 408 1649 said,
426 1603 513 1641 that
530 1603 596 1642 the
613 1603 721 1641 book
736 1602 770 1641 is
789 1602 956 1652 directly
975 1607 1159 1652 contrary
1177 1608 1218 1640 to
1234 1602 1301 1640 the

82 1654 227 1694 ·Index
241 1656 288 1694 of
298 1655 365 1694 the
381 1655 549 1695 Council
564 1656 611 1694 of
623 1655 762 1701 Trent;
779 1654 910 1693 which
923 1655 958 1692 is
970 1655 1064 1693 thus
1080 1654 1301 1706 explained,

98 1707 162 1756 (ad
179 1707 380 1755 lectorem,
406 1708 451 1746 in
479 1708 591 1755 fine)
647 1707 842 1746 Praeterea
865 1707 1062 1745 declaraui
1079 1720 1149 1758 per
1167 1706 1301 1757 publi-

94 1772 185 1798 cum
203 1759 402 1798 decretum
432 1773 504 1811 ego
532 1759 718 1798 minimus
744 1759 846 1797 inter
862 1759 1079 1810 Deputatos
1108 1772 1181 1809 pro
1198 1758 1302 1796 reui-

94 1811 203 1850 sione
236 1811 445 1860 librorum,
482 1811 629 1850 librum
660 1810 953 1862 expurgationis
988 1824 1057 1861 per
1088 1810 1302 1849 Alfonsum

96 1863 322 1902 Gometium
357 1864 406 1902 de
438 1877 542 1902 anno
579 1863 691 1902 1584.
729 1863 893 1912 editum,
930 1862 1050 1901 quta
1077 1862 1302 1902 Tridentini

1097 1914 1247 1953 Indicis

138 2028 154 2050 ¹¹
170 2032 237 2061 Fol.
257 2033 327 2062 166.

136 2071 145 2118 ξ
164 2074 228 2104 Ful.
246 2075 298 2111 22,
312 2077 341 2105 b.
359 2076 386 2105 δι
404 2076 436 2105 ἰη
453 2076 502 2105 ed.
520 2076 665 2112 Salmvri,
685 2075 777 2105 1601.
794 2075 846 2105 sol.
863 2076 914 2112 20,
931 2076 961 2105 b.

135 2120 146 2141 J
163 2117 210 2157 By
222 2118 308 2149 Ioan.
321 2119 385 2150 Pet.
397 2119 435 2150 de
447 2119 608 2159 Ferrarijs.
633 2119 712 2150 Vide
728 2128 870 2159 expmg„
886 2119 919 2150 in
929 2119 999 2150 eod.
1017 2119 1099 2157 Iud„
1115 2119 1166 2151 fol.
1182 2120 1252 2157 165,
1270 2121 1298 2150 b.
