1430 2534
374 203 579 249 Bibliotlae.
602 205 747 246 ιδἀησι.
771 209 962 248 Patrum.

104 284 268 327 tempore
295 278 307 314 i
312 289 375 327 pso
397 276 640 326 emergentis,

105 330 350 380 &grassantis
361 327 573 380 Pelagianoe
581 330 643 367 hoe

105 385 213 430 resia,
228 396 339 433 quam
354 384 434 435 ipae
449 384 538 421 totis
551 383 642 421 viri·

107 437 176 474 bus
189 438 377 488 extirpare
389 437 574 476 niteretur
584 464 594 482 ,
608 436 643 472 si

107 503 182 528 non
195 489 327 529 eedem
340 489 535 542 expresse3
550 489 643 528 Pela

104 545 228 593 gianis
256 551 383 583 tamen
409 543 643 595 dogmatibus

106 597 233 635 affinia
245 624 256 643 ,
270 600 307 635 δι,
326 610 438 648 quam
457 597 645 636 simillima

111 651 248 700 absque
260 650 474 701 Pelagianae
488 651 644 690 haeresis

108 703 228 742 valida
251 705 465 755 suspicione
484 705 589 743 nulla
607 703 646 741 fa

109 765 170 796 cta
198 757 368 796 eiusdem
404 758 644 809 abrogatione

107 810 268 852 scribere
288 810 433 862 publice
452 811 614 850 voluisse
627 809 645 846 ’ζ

58 888 245 927 Columna
272 890 368 927 ⁴783.
396 891 437 927 in
457 889 576 927 titulo
589 901 646 938 pa

105 942 228 990 yince,
248 945 278 992 ᾇ·
292 942 474 992 deinceps
492 941 534 979 in
552 941 648 991 alzjs

113 994 246 1031 titulis
260 996 506 1044 payinarum
527 995 649 1032 trium

115 1047 252 1085 horum
310 1047 551 1099 sequentium
599 1045 648 1083 li·

115 1099 284 1145 brorum,
305 1099 506 1138 scribatur
519 1129 530 1146 ,
550 1100 650 1138 Sun-

111 1160 173 1191 cto
199 1153 310 1190 Sixto
329 1152 445 1203 Papae
463 1153 558 1191 male
585 1151 657 1206 ad·-

113 1206 274 1256 scriptus
292 1207 386 1244 liber
405 1206 471 1244 &c-

97 1284 247 1325 olumna
261 1285 352 1322 811.
370 1283 402 1322 B
418 1313 427 1330 ‚
443 1283 651 1334 inscriptio

116 1337 211 1374 libri
231 1342 291 1374 tta
306 1342 492 1386 ponatur,
509 1337 651 1375 Sancto

114 1389 226 1429 Sixto
245 1390 299 1440 iij.
330 1390 503 1428 Pontifici
526 1390 650 1428 Maxi-

117 1455 200 1488 mo,
237 1455 431 1493 perperam
466 1443 652 1493 adscripta

117 1495 284 1547 Epistola
304 1494 376 1534 &a
432 1496 489 1534 Et
511 1497 650 1534 statim

107 1554 201 1599 post
230 1549 521 1599 inscriptionem
544 1548 649 1599 adaj-

117 1602 247 1641 cietur
277 1603 503 1648 antidotus,
544 1602 652 1640 Nihil

105 1656 242 1707 minus
276 1656 317 1692 in
351 1657 422 1693 hoc
449 1656 543 1693 libro
568 1655 650 1695 Au-

118 1715 197 1746 ctor
215 1721 256 1747 se
278 1709 399 1746 exerit
418 1707 651 1758 Pelagianu:

119 1760 212 1798 dum
237 1762 337 1799 enim
362 1761 516 1799 disserit
539 1774 655 1812 opera

118 1825 201 1853 esse
220 1813 267 1851 ad
292 1814 453 1852 salutem
478 1827 652 1855 necessa-

1116 204 1196 246 169

714 272 766 311 Et
783 280 823 311 vt
836 273 999 311 breuiter
1015 280 1152 311 cuncta
1169 286 1254 323 per-

714 328 898 376 stringam
914 355 925 372 ,
942 326 1091 374 quando
1109 327 1254 375 cuiusq3

715 381 884 418 criminis
897 408 908 426 ‚
926 381 986 417 vel
1004 380 1149 430 peccati
1168 392 1255 416 reus

715 434 844 483 quieta
854 440 981 471 mente
993 433 1187 482 suscipiet,
1198 445 1258 470 ma

715 488 793 524 lum
807 499 919 524 suum
930 487 1134 524 voluntatis
1149 498 1231 524 esse
1247 514 1257 531 ‚

715 554 791 578 non
806 540 1093 586 necessitatis,&
1104 540 1259 577 arbitrio

716 594 845 640 scribi,
859 594 959 643 quod
977 594 1039 631 ille
1059 593 1193 630 nititur
1208 594 1258 630 im

716 655 848 698 putare
862 654 1023 685 naturae.
1045 646 1166 684 Erant
1174 647 1260 684 istae

716 713 907 751 expressae
914 713 1022 738 voces
1033 700 1260 750 Pelagiano-

717 768 802 793 rum
825 755 1050 805 negantium
1076 754 1261 804 originale

718 810 917 859 peecatum
944 808 1080 857 quibus
1108 808 1260 845 incusa-

718 862 809 900 bant
844 861 1086 899 Orthodoxos
1106 889 1118 907 ,
1162 860 1262 910 quod

717 921 890 952 naturam
905 915 1108 952 humanam
1122 926 1172 951 ex
1185 915 1261 952 ori-

721 969 839 1017 ginali
866 975 1020 1017 peoeato
1049 974 1262 1017 corruptam

719 1033 804 1058 esse
817 1020 1013 1058 docebant:
1034 1019 1184 1057 Deinde
1200 1020 1261 1057 Au

722 1081 802 1111 ctor
820 1074 891 1110 iste
910 1072 1043 1110 eadem
1061 1073 1236 1110 columna
1252 1101 1262 1118 ,

723 1125 756 1162 &
774 1126 1016 1175 sequentibus
1033 1126 1200 1176 pluribus
1218 1139 1263 1163 co

727 1186 840 1217 natur
856 1179 1052 1217 ostendere
1070 1180 1263 1217 hominem

723 1233 827 1282 absq3
855 1233 927 1270 vllo
939 1233 1093 1270 omnino
1111 1240 1264 1283 peccato

725 1287 839 1323 etiam
850 1286 1041 1323 leuissimo
1049 1298 1157 1335 posse
1164 1298 1262 1330 esse,

723 1338 819 1388 quod
832 1346 914 1376 erat
926 1339 1153 1389 ipsissimum
1171 1339 1262 1388 dog-

722 1405 784 1429 ma
798 1391 1044 1441 Pelagianum
1057 1393 1158 1429 mille
1170 1392 1263 1429 locis

721 1445 746 1484 ὲ
759 1444 1044 1494 S.Hieronymo‚
1057 1458 1089 1483 s.
1099 1445 1264 1495 Augusti

721 1511 785 1544 no,
799 1511 832 1536 s.
848 1497 1030 1548 Prospero
1043 1498 1263 1543 refutatum3

722 1550 775 1589 Et
799 1552 833 1588 si
859 1551 1042 1589 attentius
1055 1551 1263 1590 ,admoneas

722 1606 890 1642 animum
908 1605 1027 1642 lector
1039 1617 1062 1642 a
1079 1606 1202 1654 eapite
1217 1604 1264 1642 ad

723 1658 869 1695 calcem
887 1664 1008 1695 totum
1024 1657 1131 1707 Opus
1150 1657 1262 1695 Pela-

725 1711 881 1759 gianum
908 1710 1166 1759 deprehendes
1186 1735 1196 1754 ,
1225 1719 1267 1748 vt

726 1764 824 1800 nibil
841 1776 935 1814 opus
949 1764 998 1800 sit
1007 1764 1265 1813 singula-anno

728 1822 822 1853 tare.

119 1866 196 1910 πίας
223 1867 349 1905 omnia
380 1874 507 1906 tamen
537 1868 654 1906 libem
673 1868 822 1907 Colum.
838 1870 931 1908 846.
951 1868 1000 1915 C,
1029 1868 1263 1919 Inscriptio-

118 1918 270 1956 arbitrio
297 1920 436 1963 tribuit,
458 1920 491 1956 &
516 1922 652 1969 gratiae

123 1971 217 2008 nihil
243 1971 420 2021 largitur:
449 1979 559 2022 atque
578 1974 653 2011 illis

123 2025 217 2072 ipsis
236 2025 348 2062 vtitur
367 2026 501 2071 verbis,
520 2027 653 2074 quibus

123 2075 318 2126 Pelagiani
337 2076 551 2116 catholicos
570 2092 653 2130 per-

116 2131 305 2179 stringere
348 2131 539 2176 solebant:
590 2134 655 2171 Sic

122 2194 159 2220 η.
182 2181 250 2222 col.
265 2184 366 2225 843.
390 2185 439 2232 A,
470 2184 652 2235 loquitur.

723 1935 810 1960 nem
847 1922 944 1960 libri
971 1924 1028 1960 sic
1064 1923 1235 1960 roetitue
1253 1951 1263 1967 ,

725 1976 867 2014 Sancto
892 1975 1005 2013 Sixto
1023 1975 1152 2014 Tertio
1180 1975 1264 2013 Pon

725 2027 818 2066 tifici
863 2028 1035 2067 Maximo
1078 2029 1172 2066 liber
1214 2028 1262 2065 de

722 2080 907 2120 Castitate
924 2095 1116 2133 perperam
1144 2081 1264 2118 lnscri

724 2141 836 2185 ptus:
866 2137 898 2187 ᾁ-
925 2137 1064 2173 statim
1101 2138 1263 2171 annecte

722 2189 972 2227 antidotum:
1013 2187 1145 2235 Pergit
1180 2186 1262 2223 Au-

826 2241 859 2277 l<
887 2242 910 2275 ‘2
1129 2245 1208 2275 ctor
