1474 2534
252 271 306 311 72
471 274 733 322 Bibliotheca
752 281 892 327 Sanct.
915 276 1103 334 patrum.

245 342 283 376 &
295 336 409 379 Tomo
420 344 528 382 tertii>
543 374 553 392 ,
567 359 663 385 anno
682 352 772 390 324.

245 405 325 442 cap.
339 395 423 432 126.
440 398 476 432 &
490 406 589 436 notae
600 402 643 438 ad
653 402 774 442 Roma

242 457 332 481 num
347 445 618 500 Martyrologifi
634 455 670 489 2.
694 455 771 493 No-

223 512 226 513 ⁷
242 498 416 544 uembris,
433 513 503 548 quo
515 503 574 540 die
589 504 770 546 S.Vict0'ti

240 561 311 585 nus
327 551 422 588 inter
438 554 596 602 reliquos
613 556 769 598 sanctos

239 603 396 651 scriptus
423 613 480 642 est
525 609 562 644 in
602 608 768 650 Romano

240 651 517 706 Martyrologio.
551 660 612 696 No
632 662 767 702 desunt

237 713 360 743 autem
373 710 571 748 coiecturae
580 741 590 754 ‚
604 725 687 761 quae
696 717 765 755 hoc

233 770 324 806 opus
353 759 392 798 S.
414 760 594 800 Victorini
622 767 763 805 abstra-

237 810 761 859 hant.Primum‚eumS.Hie-

232 875 408 911 ronymus
427 867 464 902 in
482 869 544 905 36.
565 881 644 918 cap.
666 870 760 910 Eze-

230 915 329 951 chiel
352 917 449 953 inter
468 918 598 958 Patres
617 921 758 961 Chilia-

229 973 305 1003 stas
332 978 536 1016 enumerat,
564 980 603 1010 at
620 974 761 1013 Auctor

229 1018 339 1055 huius
380 1020 646 1075 Commentarij
675 1028 758 1077 loge

225 1071 329 1108 abest
340 1073 384 1109 ab
402 1086 445 1110 eo
463 1087 602 1114 errore:
617 1087 756 1127 postre-

227 1123 297 1159 mis
316 1126 414 1162 enim
433 1128 555 1164 verbis
581 1131 663 1167 libri
690 1134 754 1178 ait,

223 1174 332 1224 Eryo
351 1178 540 1217 audiendi
558 1194 631 1219 non
649 1191 752 1229 sunt,

223 1229 290 1276 qui
320 1229 424 1266 mille
454 1238 600 1270 αηηονΐι
632 1242 753 1284 reynii

225 1283 380 1316 terrem}
399 1288 478 1319 este
506 1287 749 1334 confirmant,

222 1329 371 1369 Deinde
384 1335 452 1371 col.
464 1336 571 1373 1250.
585 1338 621 1374 D
636 1367 646 1382 ‚
661 1341 750 1378 citat

220 1381 418 1431 Epitomen
434 1386 617 1426 Theodori
635 1390 680 1427 de
695 1405 746 1429 nn

216 1436 743 1488 merolibr.Scripturaesacrae.

847 357 1370 410 Sixtum‚lib.6.Biblioth,an-

845 419 947 449 notat
968 415 1056 452 347:
1071 420 1131 465 qui
1146 421 1256 458 etiam
1276 425 1371 463 hanc

846 461 953 511 Epist
967 470 1085 504 sancti
1102 469 1318 524 Hieronymi
1331 480 1369 515 in

842 513 993 554 dubium
1014 530 1178 561 reuocat.

790 582 871 619 Col.
893 585 1004 623 1253.
1021 588 1065 626 B
1079 619 1089 635 ‚
1109 591 1165 629 ibi
1183 594 1222 630 in
1243 601 1367 644 textu,

839 635 914 672 Sed
928 640 1011 686 quia
1030 642 1068 677 in
1088 646 1213 683 nouiss
1228 661 1288 684 mo
1305 657 1366 699 tpe

840 687 1063 729 Sanctorum
1119 710 1331 739 remunerat
1344 717 1366 741 ο

837 741 909 777 &c.
939 755 1086 791 appone
1104 750 1159 785 ad
1175 755 1362 802 maryine‘:

835 790 955 830 Caute
985 797 1066 845 lege
1087 812 1096 835 :
1117 813 1202 839 nam
1221 805 1364 846 Auctor

834 843 905 880 labi
919 846 1064 886 videtur
1083 853 1120 888 in
1136 866 1218 891 erro
1237 860 1258 893 ὃ
1272 871 1360 906 quo-

835 897 991 935 rundam
1006 900 1210 951 Grecorum
1230 911 1328 947 anim
1344 925 1362 961 s

833 957 961 987 sancto
980 965 1042 989 um
1061 968 1134 992 non
1157 958 1230 996 frui
1257 963 1358 1002 clara

834 999 908 1037 Dei
923 1003 1060 1042 visione
1075 1016 1159 1046 ante
1174 1012 1272 1050 diem
1294 1015 1356 1053 Iu-

831 1051 918 1102 dicij
933 1083 942 1098 ‚
961 1057 1031 1093 nisi
1050 1058 1171 1098 forsan
1190 1064 1359 1114 loquatur

829 1103 875 1140 de
906 1107 1118 1154 plenissima
1145 1128 1355 1158 remunera-

831 1157 928 1195 tione
949 1188 957 1200 ,
976 1173 1061 1208 quae
1079 1177 1272 1214 corporum
1289 1173 1352 1221 glo

826 1208 1064 1251 rificationem
1084 1218 1242 1257 includit
1261 1250 1271 1265 ‚

836 1259 928 1299 Vade
946 1264 1095 1305 sixtum
1117 1269 1170 1306 lib
1183 1272 1220 1308 6.
1244 1274 1350 1313 Bibl.

827 1320 957 1351 annot.
980 1319 1067 1355 345.
1095 1322 1128 1371 ζγ
1158 1323 1346 1364 Bellarm.

820 1363 928 1403 lz'b.l.
945 1368 992 1404 de
1015 1371 1242 1413 Sanctorum
1261 1379 1344 1417 Bea

815 1417 936 1456 titud.
951 1432 1035 1468 cap.

222 1485 386 1525 Constat
415 1496 546 1528 autem
583 1493 743 1532 Victori·
771 1483 841 1521 COZ
862 1487 975 1525 1254·
999 1489 1034 1526 A
1057 1519 1066 1535 ν
1088 1492 1143 1530 ibi
1161 1495 1199 1531 57²
1221 1501 1342 1545 textu»

214 1549 305 1575 num
335 1545 530 1590 martyrio
564 1546 743 1585 occubuis

214 1601 254 1626 se
276 1591 318 1628 in
345 1597 614 1642 persecutione
644 1599 742 1636 Dio-

213 1642 390 1690 cletiani,
434 1648 467 1698 ᾇ
503 1647 741 1688 Theodorum

213 1695 283 1731 sub
313 1695 539 1737 Iustiniano
565 1702 707 1740 vixisse
729 1733 739 1748 ‚

210 1745 350 1785 Forsan
365 1750 483 1800 Opus,
502 1752 738 1792 detractioni-

209 1798 290 1844 buS‚
305 1801 569 1848 additionibus,
583 1809 737 1845 mutatio

207 1851 314 1888 nibus
334 1855 490 1892 alicuius
509 1857 661 1895 audacia
676 1873 735 1896 va-

205 1903 350 1943 riatum.
382 1906 478 1943 Vide
497 1919 580 1953 quae
591 1913 733 1948 notauit

203 1967 247 1991 ea
264 1955 310 1992 de
329 1970 368 1993 re
388 1957 436 1995 Fr
453 1960 612 1997 Thomas
634 1962 731 1999 Mal-

203 2008 326 2044 cenda
342 2008 557 2060 Theologus
577 2012 729 2051 Domini

820 1537 1006 1589 Hieremie
1037 1547 1078 1579 fit
1108 1557 1202 1583 mors
1227 1554 1276 1585 116
1302 1552 1342 1588 in

816 1587 931 1635 uenit,
947 1594 1146 1633 &ascribe
1159 1599 1199 1635 in
1216 1613 1340 1652 mary-

816 1641 935 1681 Caute
971 1645 1086 1693 Iege:
1123 1662 1207 1687 nam
1246 1654 1339 1692 falso

812 1695 1001 1733 existimat
1032 1698 1257 1740 Hieremiam
1286 1711 1336 1742 n6

808 1745 895 1783 dum
915 1759 996 1785 esse
1015 1760 1199 1791 mortuum
1219 1780 1229 1792 .
1271 1758 1335 1794 sed

809 1806 1003 1837 venturum
1023 1815 1107 1840 cum
1123 1804 1206 1843 Elia
1226 1808 1337 1847 aduer

807 1863 870 1887 sus
908 1851 1178 1895 Antichristum
1206 1868 1335 1899 contra

806 1907 1004 1942 comunem
1032 1920 1181 1946 sensum
1202 1910 1332 1957 Patrfi,

809 1953 908 1992 Vide
938 1956 1078 1996 librum
1096 1973 1162 1999 nos
1180 1975 1265 2001 rum
1283 1966 1331 2002 de

806 2007 1051 2048 Antichristo
1070 2025 1153 2062 cap.
1184 2015 1220 2053 9.

203 2062 392 2100 canuslib.
411 2063 434 2100 1.
448 2063 493 2100 de
502 2064 728 2105 Antichristo
750 2073 821 2110 Col
839 2074 953 2113 1254.
1004 2077 1050 2124 A,
1072 2078 1127 2116 ihi
1145 2080 1184 2116 in
1204 2086 1324 2127 textu,

201 2124 284 2162 cap.
302 2114 334 2152 l.
348 2117 384 2151 &
399 2116 526 2155 1ib.lo.
542 2129 621 2168 cap.
637 2120 675 2157 4.
689 2122 725 2157 &

799 2125 914 2164 fuisse
934 2137 1058 2168 autem
1079 2131 1154 2170 iam
1180 2133 1219 2169 in
1248 2134 1326 2173 Re-

1198 2197 1273 2234 gno
