1474 2534
300 236 336 282 δε
362 235 441 298 qui
473 251 548 282 eos
571 234 816 282 habuerint
839 269 852 288 ‚
902 235 1059 282 seuere
1082 235 1139 282 ab
1176 234 1412 300 Episcopis

298 301 563 362 puniantur.

235 363 438 428 Antiqui
471 366 582 412 vero
618 366 675 411 ab
707 364 920 412 Ethnicis
949 363 1191 428 conseri-pti
1222 374 1410 428 propter

297 429 516 477 sermonis
584 430 858 493 elegantiam
898 464 911 484 ,
979 433 1015 478 δι
1083 430 1409 494 proprietatem

296 494 629 558 permittuntur
653 529 664 548 ‚
711 494 838 542 nulla
873 503 1027 543 tamen
1058 495 1233 542 ratione
1256 494 1410 559 pueris

295 560 575 623 praelegendi
599 569 736 607 erunt
755 596 764 607 .

443 739 906 788 REGVLA
975 739 1184 786 VIII.

227 917 388 973 Libri,
430 935 626 982 quorum
671 917 922 982 principale
956 927 1280 981 argumentum
1327 921 1404 968 bo·

291 1001 404 1032 num
438 992 506 1031 est
529 1018 542 1038 ,
589 983 638 1030 in
678 984 844 1047 quibus
881 991 1034 1030 tamen
1074 984 1222 1032 obiter
1253 984 1405 1048 aliqua

291 1049 461 1097 inserta
476 1057 585 1096 sunt
600 1083 612 1102 ,
649 1065 750 1111 quae
773 1049 830 1095 ad
853 1047 1058 1095 haeresim
1078 1082 1092 1102 ‚
1129 1065 1210 1096 seu
1233 1050 1291 1098 ad
1320 1049 1402 1097 im-

288 1114 512 1178 pietatem
537 1148 550 1168 ,
592 1112 926 1161 diuinationem
950 1147 963 1167 ‚
1008 1130 1090 1160 seu
1122 1114 1402 1178 superstitio-

287 1195 395 1226 nem
419 1187 654 1242 speetant,
693 1179 723 1224 a
765 1177 1014 1226 Catholicis
1048 1177 1301 1242 Theologis
1325 1179 1401 1226 In-

289 1243 545 1307 quisitionis
579 1242 807 1307 generalis
852 1241 1121 1290 auctoritate
1173 1260 1400 1308 expurga-

287 1309 348 1363 ti,
371 1308 561 1356 concedi
583 1315 787 1371 possunt.

225 1374 360 1422 {dem
385 1372 611 1420 iudicium
646 1372 706 1420 sit
740 1372 798 1420 de
843 1371 1046 1435 prologis
1069 1406 1082 1426 ,
1111 1375 1398 1437 summarijs,

284 1455 367 1488 seu
402 1437 772 1486 adnotationibus
795 1471 808 1491 ,
864 1453 954 1500 que
994 1438 1021 1483 a
1065 1437 1288 1486 damnatis
1321 1457 1398 1487 au-

285 1502 486 1551 ctoribus
509 1538 522 1557 ,
579 1502 705 1549 libris
752 1517 847 1550 non
905 1501 1128 1549 damnatis
1179 1505 1395 1567 appositae

283 1575 391 1615 sunt
417 1585 428 1614 :
462 1568 543 1616 sed
565 1567 751 1632 posthac
778 1583 872 1615 non
895 1566 982 1614 nisi
1006 1567 1235 1616 emendati
1259 1585 1396 1617 excu-

282 1633 465 1681 dantur.
