1430 2534
313 217 582 264 Bibliotheca
605 219 749 259 Sanct.
775 212 967 254 Patriam..

1103 208 1188 249 245

100 296 178 333 sis:
225 295 258 345 ξ
305 281 387 331 loco
424 292 637 341 expuncto·
657 286 806 325 Colum.
827 284 920 321 461.
938 282 984 327 E,
1005 283 1058 318 ad
1080 280 1197 317 verba
1221 279 1253 315 il

101 369 190 394 rum
220 367 362 406 repone
390 351 610 405 ‘sequentia
629 379 654 395 ‚r

47 448 50 453 .
103 419 166 458 Ex
183 419 243 456 his
258 420 301 456 tfi
311 431 396 467 quae
409 416 455 454 ad
467 416 542 453 fine
557 413 642 465 Ope

103 483 155 520 ris
167 481 238 520 eol.
252 481 348 518 471.
362 479 410 524 Β,
425 477 565 516 AEneas
577 489 645 513 nar

105 552 164 584 rat
180 545 226 584 de
244 544 402 595 stupedo
421 543 484 580 illo
504 542 647 579 miracu

105 609 143 646 lo
177 615 388 645 sanctorum
417 603 647 642 Confessorfi

106 662 147 698 in
166 661 332 711 Aphrica
345 688 355 704 ‚
374 671 466 708 quos
485 658 524 694 in
541 668 647 707 perse

107 715 258 753 cutione
276 712 508 749 Vuandalica
536 710 648 760 praeci

107 769 159 805 sis
186 767 326 815 linguis
354 766 400 803 ab
430 763 650 810 Hunnerico

109 821 218 871 Rege
237 820 376 857 Ariauo
391 817 490 856 clare
504 824 645 868 postea,

110 877 146 912 δι
165 872 339 924 expedite
365 872 514 922 loquedi
546 883 653 908 vsum

112 933 162 966 ηδ
181 928 352 965 amisisse
370 920 662 963 commemorati

113 994 200 1019 cum
212 981 278 1025 ait,
290 981 385 1022 heri,
399 982 436 1016 ὅτ,
451 979 565 1027 quide
581 990 654 1027 pau

114 1035 150 1072 lb
170 1040 255 1071 ante
274 1032 311 1070 id
323 1032 440 1077 facto,
454 1034 491 1068 &
505 1043 546 1068 se
565 1043 655 1080 quo-

115 1100 187 1137 que
214 1086 448 1124 confessores
471 1085 553 1122 illos
572 1085 655 1120 sine

116 1141 256 1190 linguis
280 1141 476 1188 loquentes
495 1137 656 1175 vidisse:

54 1222 57 1225 κ
117 1193 317 1233 manifeste
327 1192 511 1237 ostendit,
527 1203 568 1228 se
580 1197 669 1230 tem.

57 1280 62 1283 ,
117 1248 270 1298 poribus
308 1247 471 1284 Zenonis
512 1245 659 1295 Impera

55 1315 59 1318 ’
121 1302 212 1338 toris
233 1329 244 1347 ‚
272 1313 341 1338 seu
375 1299 565 1348 Anastasij
605 1298 658 1334 vi-

120 1355 246 1398 xisse:
274 1366 362 1391 nam
383 1352 595 1390 mirandum
615 1351 660 1388 il-

120 1407 184 1445 lud
198 1407 269 1444 sub
277 1405 430 1444 Zenone
441 1406 661 1455 contigisse,

122 1473 155 1499 s.
183 1460 317 1498 Victor
335 1459 402 1497 lib.
422 1461 460 1498 3.
492 1460 540 1496 de
560 1459 663 1495 Per-

125 1514 323 1553 secutione
387 1511 636 1551 Vuaudaliea
652 1539 662 1556 ,

57 1575 67 1594 2
124 1568 158 1604 &
186 1568 248 1618 aiij
275 1579 406 1605 omnes
447 1565 633 1604 affirmant
652 1594 663 1609 ,

127 1621 254 1659 c5sule
275 1626 365 1658 tom.
379 1621 417 1659 6.
439 1618 591 1657 Annal.
604 1618 663 1656 Ec

124 1674 378 1713 clesiasticor.
408 1675 522 1712 Anno
543 1673 664 1712 Domi

124 1729 170 1765 m'
191 1729 286 1766 484.
319 1740 408 1778 cap.
439 1727 504 1764 89.
534 1727 566 1778 ᾇ
597 1726 663 1763 90.

59 1796 61 1798 ·
127 1782 259 1819 Latine
273 1780 439 1818 redditus
451 1779 612 1830 primum
628 1791 667 1815 re

712 340 753 377 la
771 343 903 376 textus
917 365 927 382 ‚
947 336 1012 373 sed
1034 335 1168 382 aliquid
1189 334 1254 382 pul

713 393 986 431 cherrimarum
1021 388 1132 426 illarfl
1167 390 1254 423 rerfi

715 447 783 485 διο.
805 444 930 483 scribe
949 444 992 480 in
1018 452 1148 490 mary.
1170 439 1252 476 Cau

717 500 752 538 te
765 502 864 549 lege,
878 511 965 535 nam
973 497 1085 534 etiam
1101 493 1255 530 substan

717 555 788 591 tias
807 552 993 602 spiritales
1008 579 1017 594 ,
1034 552 1072 586 δι
1100 547 1258 596 Angeli-

718 621 782 645 cas
799 608 924 657 plures
936 603 1050 654 quam
1068 601 1197 646 rearit,
1214 613 1260 650 po

722 663 848 706 tuit‚&
857 665 981 709 potest
995 657 1102 694 Deus
1116 666 1260 698 creare,

724 728 795 753 nec
826 719 1047 764 propterea,
1074 708 1171 758 quod
1197 720 1261 744 eas

721 782 797 807 non
815 763 1171 813 creaueritjnuidia
1190 769 1261 799 est.

670 854 1077 904 Col.464.B‚9lossam
1091 850 1261 900 margia.

723 913 784 949 ita
810 910 979 947 restitue
997 936 1007 953 ‚
1034 906 1191 956 Spectm
1219 903 1265 940 ad

723 963 920 1013 sepulchra
959 959 1171 998 oberrantia
1207 958 1266 993 in-

727 1017 873 1055 terdum
899 1021 988 1051 sunt
1011 1013 1110 1049 mala
1131 1011 1266 1055 Daemo

726 1072 801 1108 nia.
819 1066 1048 1111 Etlit.C‚ad
1062 1063 1180 1102 verba
1192 1063 1269 1101 illa

730 1127 860 1162 textus
888 1119 1008 1158 Recte
1026 1119 1175 1168 quidem
1197 1118 1270 1166 hec

728 1177 847 1221 dicis,
877 1175 980 1212 iliam
1008 1174 1090 1210 sine
1115 1183 1269 1220 corpore

729 1231 797 1268 διο.
815 1228 940 1267 scribe
952 1227 993 1265 in
1007 1238 1137 1276 mary.
1151 1224 1272 1262 Caute

730 1285 830 1334 lege,
850 1284 1152 1320 anima.n.exuta
1177 1291 1242 1315 cor
1256 1301 1271 1307 -

731 1351 820 1388 pore
840 1335 950 1381 vere,
984 1334 1017 1371 &
1042 1330 1188 1384 proprie
1216 1339 1274 1369 tor

731 1398 881 1441 quetur‚
899 1388 1084 1439 &patitur
1102 1387 1149 1424 ab
1167 1385 1270 1435 igne,

734 1448 772 1483 &
787 1456 892 1483 veros
903 1442 1047 1480 dolores
1066 1440 1197 1485 sentit,
1216 1439 1275 1476 for

733 1511 803 1536 san
819 1497 983 1547 loquitur
997 1495 1147 1533 Aeneas
1164 1493 1210 1531 de
1229 1492 1277 1530 do

730 1553 823 1598 lore,
842 1551 907 1600 qui
934 1563 983 1588 ex
1001 1549 1144 1598 lesione
1163 1560 1275 1597 corpo

733 1607 785 1643 ris
799 1608 838 1643 in
852 1605 978 1642 anima
987 1602 1160 1645 efficitur,
1182 1601 1276 1637 Vide

733 1671 765 1697 ε.
775 1659 938 1697 ΤΙιο.1.2
951 1655 1222 1708 q.35.art.l.et
1236 1655 1275 1689 2.

720 1740 765 1778 In
785 1737 952 1789 Didymo
972 1736 1244 1774 Alexandrino.

127 1830 225 1886 pei-ff
242 1835 304 1871 hic
322 1833 465 1871 Aeneae
484 1832 671 1880 Dialogus·
684 1828 771 1866 Col.
787 1828 880 1864 473.
891 1830 985 1876 post
999 1823 1281 1876 praefationem

129 1890 174 1925 ab
195 1887 388 1924 Ambrosio
406 1885 666 1930 camalduiesi‚

132 1941 164 1977 &
183 1941 245 1990 1310
263 1940 371 1976 datus
390 1938 551 1976 Basileae
571 1950 670 1975 anno

136 1995 391 2043 1516.p0stea
400 1991 536 2042 prodijt
548 2004 597 2029 ex
610 1991 668 2027 in-

132 2047 401 2096 terpretatione
428 2044 552 2082 loanis
570 2043 676 2087 Vuol,

131 2102 208 2154 phij
221 2099 396 2148 Tigurini
410 2098 581 2136 haeretici
595 2110 604 2135 :
625 2110 674 2135 cu

133 2157 192 2195 ius
205 2152 410 2192 traslatiois
426 2155 518 2202 parti
533 2150 677 2189 fidedfi.

738 1893 767 1918 s.
789 1879 1024 1929 Hieronymi
1053 1879 1130 1916 ista
1162 1879 1281 1923 adde,

740 1932 887 1984 Equide
907 1934 979 1970 etsi
1000 1931 1188 1982 Didymus
1203 1944 1284 1968 -san

740 1988 895 2032 etitem,
918 1989 955 2024 &
980 1986 1163 2024 doctrinae
1181 1985 1284 2022 nomi

740 2054 803 2086 ne,
830 2040 967 2078 nedum
997 2040 1039 2079 S.
1062 2038 1285 2087 Hieronymi

747 2095 859 2145 varijs
879 2095 918 2131 in
940 2095 1046 2137 locis,
1075 2093 1142 2130 sed
1170 2089 1287 2129 etiam

751 2149 911 2187 aliorum
938 2147 1094 2185 Patrum
1131 2145 1290 2196 plurima

1182 2206 1238 2234 tu-
