1430 2534
244 250 324 292 134

235 322 423 359 οοιίηοῐηὲ
441 330 549 371 gesta
562 324 620 360 sui
635 324 771 374 teporis

234 382 332 432 apud
376 383 546 421 barbaros
581 391 770 434 martyr-fi,

233 445 435 498 Extatque
499 449 582 496 ipsa
637 449 768 498 Epist.

241 506 380 557 Viyz'lq‘j
432 509 618 559 Episcopi
683 509 770 546 Tri-

233 569 385 606 dentini
419 571 527 619 apud
562 570 769 621 Lippoma-

232 641 323 666 num
370 629 473 667 Tom.
515 632 552 669 2.
604 633 636 683 ᾇ
695 633 770 669 Su-

233 691 336 728 rium
369 691 471 729 Tom.
495 693 529 730 3.
562 693 628 730 29.
650 692 768 742 Maij.

235 746 275 781 in
301 756 373 793 qua
396 745 557 783 breuiter
573 747 771 795 exponitur

233 798 448 846 martyrium
511 798 770 848 praedictorum

236 848 450 899 Martyrum
486 851 768 888 Anaunesium:

235 901 267 937 δι
284 904 363 953 ipse
387 905 478 941 satis
505 905 544 940 in
563 904 691 941 eadem
710 905 769 954 epi

233 956 327 993 stola
344 956 497 1003 indicat,
516 969 583 994 suo
602 960 726 1006 tepore
746 958 772 994 il

232 1008 287 1044 los
313 1021 550 1046 consumasse
571 1011 772 1059 martyrifi;

234 1059 392 1099 Constat
427 1069 551 1100 autem
584 1062 771 1112 Martyres

233 1112 480 1152 Anaunenses
509 1119 634 1165 tepore
662 1116 771 1153 Hono

232 1167 276 1216 rij
312 1167 507 1218 Impatoris
538 1169 770 1216 occubuisse,

234 1224 276 1256 vt
305 1221 439 1270 paldm
479 1221 653 1270 affi'rmat
690 1222 769 1259 Ro-

232 1284 388 1310 manum
475 1271 772 1324 Martyroloyz'ii.

233 1326 298 1362 29.
336 1324 465 1375 Mmj,
502 1329 535 1379 §s
566 1339 598 1365 s.
630 1329 770 1376 Au9u-

230 1378 357 1415 stinus
377 1381 489 1428 epist.
512 1381 584 1417 158
609 1393 640 1418 s.
663 1379 770 1417 Gau—

233 1432 388 1468 dentius
442 1444 551 1470 serm.
601 1434 771 1471 dedicat.

235 1483 416 1521 Basilieae
447 1486 561 1522 dictae
597 1486 770 1523 Conciliiz

237 1537 465 1583 sactorum,
502 1539 535 1589 ᾀ-
572 1538 770 1575 Paulinus

228 1588 269 1625 z'n
296 1589 380 1634 vita
409 1601 442 1627 s.
462 1589 670 1639 Ambrosij.

227 1641 324 1679 Acta
350 1643 536 1679 sactorum
557 1643 767 1693 Martyrum

227 1695 324 1744 apud
361 1694 613 1733 Mombritium
643 1698 765 1734 consi-

226 1754 346 1797 gnant
390 1748 605 1786 eorumdem
645 1751 766 1788 nobile

228 1807 416 1838 certamen
431 1829 442 1847 ‚
460 1802 579 1851 primo
590 1802 765 1840 Stilicho-

227 1854 286 1890 nis
298 1855 504 1900 consulatu,
518 1856 582 1903 qui
599 1856 767 1893 secunda

229 1907 408 1943 veriorem
489 1908 767 1958 chronologiam

228 1958 360 1996 incidit
372 1960 411 1995 in
423 1958 575 1998 Annum
589 1961 666 1998 Dfii
675 1963 766 2000 400.

231 2010 263 2046 &
283 2010 438 2062 Honorij
459 2014 506 2063 vj.

179 2063 252 2101 His
278 2064 440 2108 accedit,
458 2065 555 2113 quod
573 2065 767 2104 Vsuardus

228 2116 766 2167 insquartyrol.scribits.Vi

229 2169 362 2219 gilium
371 2169 496 2209 Tride.
504 2170 606 2222 Epis.
614 2184 765 2222 passum

479 250 744 294 Bibliotheca
764 252 904 295 Sancc.
928 253 1118 295 Patr-um.

838 326 906 362 sub
920 325 1135 375 Stylichone
1148 323 1324 369 Consule,
1337 326 1373 360 δι

837 380 869 415 si
884 382 932 415 n6
945 379 989 415 de
1005 380 1135 427 primo,
1150 378 1215 415 sed
1226 375 1373 414 de‘secu

837 431 883 468 do
904 432 1132 481 Stylichonis
1150 431 1318 468 cosulatu
1337 429 1373 465 id

837 484 1032 533 capiendfi,
1044 485 1231 521 incurritis
1245 485 1282 520 iu
1295 482 1373 519 An-

838 550 928 574 num
941 537 1080 575 Christi
1090 538 1182 574 405.
1196 538 1232 573 δι
1247 536 1373 573 Hono-

839 591 882 641 rij
902 591 942 640 ij.
963 589 1117 640 Insuper
1143 589 1260 639 tepori
1283 601 1375 638 quo·

836 656 871 692 q:
891 644 1049 692 cogruit,
1069 643 1164 690 qnod
1183 641 1374 682 Genadius

837 709 916 733 eam
930 697 1084 745 epistola
1094 696 1140 732 de
1155 707 1246 732 nece
1266 694 1374 731 Mar·

837 755 960 798 tyrum
976 749 1256 785 Anaunensium
1276 746 1375 783 aVi-

837 802 924 850 gilio
948 801 1129 851 Episcopo
1157 800 1375 838 Tridentino

837 856 1079 904 conscriptam
1091 853 1204 891 refert
1215 853 1259 891 ad
1273 853 1374 890 Sim-

837 908 1050 957 plicianum‚
1066 919 1173 956 quem
1185 906 1300 943 fuisse
1311 918 1373 943 ce—

836 961 974 997 lebrem
994 961 1098 996 illum
1115 973 1145 997 s.
1165 959 1374 1010 Simplicia-

839 1025 927 1049 num
949 1012 1265 1050 Mediolanensem
1285 1010 1374 1061 Epi-

839 1078 1003 1114 scopum,
1015 1067 1162 1115 optimis
1175 1064 1374 1102 coiecturis

839 1119 906 1155 viri
919 1119 1054 1156 eruditi
1065 1119 1238 1156 affirmat:
1255 1117 1374 1155 Sicuti

837 1184 950 1220 quoq;
980 1173 1080 1209 hunc
1098 1171 1228 1208 eudem
1256 1169 1373 1207 fuisse

838 1224 995 1274 vigilio,
1009 1225 1054 1261 ad
1067 1236 1177 1273 quem
1191 1236 1220 1262 s.
1234 1223 1373 1260 Ambro

837 1279 915 1314 sins
926 1278 1017 1314 libro
1031 1280 1067 1314 3.
1077 1278 1185 1327 epist.
1195 1278 1260 1313 24.
1275 1275 1372 1312 dein

837 1332 1029 1368 stitutione
1041 1331 1203 1380 Episcopi
1219 1328 1372 1378 egregie

839 1384 1144 1433 rescripsit‚aeque
1153 1382 1251 1419 docti
1261 1386 1374 1419 cosen

838 1438 948 1473 tiunt.
1005 1436 1102 1473 Cum
1121 1437 1236 1485 igitur
1252 1447 1298 1472 ex
1314 1434 1372 1470 his

835 1489 1005 1526 omnibus
1026 1486 1290 1526 luculetissime
1307 1486 1372 1523 de-

838 1548 1063 1578 monstretur
1081 1548 1244 1590 tempora
1263 1539 1372 1576 Hono

837 1595 880 1645 rij
903 1594 1151 1643 imperatoris,
1166 1593 1266 1630 haud
1280 1604 1371 1642 supe

836 1659 936 1684 rasse
951 1660 981 1684 s.
994 1646 1173 1696 vigilium
1188 1646 1372 1696 Episcopti

833 1699 1091 1737 Tridentinum
1106 1728 1115 1744 ‚
1135 1701 1171 1736 δι
1188 1699 1371 1747 Martyre,

833 1754 895 1801 qui
913 1753 1064 1790 obsecro
1077 1752 1241 1790 floruisse
1254 1753 1372 1802 potuit

834 1812 996 1855 tempore
1007 1805 1192 1855 Anastasij
1210 1805 1369 1855 Impera-

834 1860 923 1895 toris
937 1887 946 1903 ,
965 1860 1027 1908 qui
1044 1859 1203 1909 Imperiti
1215 1870 1370 1897 exorsus

835 1919 893 1948 est
903 1913 1000 1949 circa
1009 1913 1121 1949 Anm'l
1135 1911 1272 1950 Salutis
1280 1912 1370 1949 490.

834 1965 940 2001 iuxta
962 1966 1123 2003 veriores
1141 1963 1280 2003 fastos?
1307 1972 1372 2001 aut

835 2018 1014 2065 quomodo
1043 2023 1145 2056 cotra
1174 2018 1372 2068 Eutychen

834 2071 994 2108 scribere
1003 2073 1134 2121 quiuit‚
1144 2073 1206 2120 qui
1218 2073 1368 2122 impiam

835 2124 1005 2161 haeresim
1035 2124 1220 2175 propalare
1259 2126 1370 2174 coepit

832 2176 931 2214 circa
955 2184 1163 2215 extremum
1193 2177 1368 2228 Thodosij

1259 2244 1314 2268 lu-
