1468 2528
1191 145 1303 178 «μμ

52 228 187 278 Libri
222 229 361 278 etiam
401 226 647 276 catholice
682 225 963 290 conscripti,
999 225 1096 272 tam
1122 224 1180 271 ab
1206 222 1258 270 il-

117 297 195 351 lis,
221 296 302 360 qui
328 305 488 360 postea
518 294 564 345 in
591 293 800 341 haeresim
826 292 940 356 lapsi
965 301 1090 345 sunt,
1116 292 1256 354 quam

117 363 314 417 abillis,
351 362 432 426 qui
456 370 561 426 post
583 360 763 425 lapsum
800 359 859 407 ad
896 357 1118 406 Ecclesiae
1153 374 1259 420 gre-

116 429 217 477 mifi
241 429 437 483 rediere,
475 427 718 492 approbati
755 427 782 473 a
818 425 1060 474 Facultate
1098 423 1259 471 Theo-

118 495 271 560 logiea
294 530 308 550 ,
366 494 560 542 alieuius
602 491 938 542 Vniuersitatis
987 489 1259 543 Catholicae,

120 562 195 610 vel
230 563 287 609 ab
324 561 633 626 Inquisitione
663 559 873 624 generali
893 594 906 614 ,
947 556 1157 624 permitti
1180 574 1261 621 po-

120 636 296 677 terunt.

321 809 796 862 REGVLA
866 810 931 858 V.

58 951 192 1000 Libri
228 951 296 999 illi
322 986 334 1006 ,
371 950 452 1014 qui
487 948 830 997 Haeretieorum
856 955 1100 995 auctorum
1124 964 1266 1012 opera

125 1019 362 1068 interdum
388 1016 625 1082 prodeunt
648 1050 661 1070 ,
703 1015 750 1062 in
777 1014 947 1079 quibus
970 1013 1102 1061 nulla
1124 1049 1137 1068 ,
1184 1022 1267 1062 aut

124 1103 272 1151 pauca
308 1084 366 1131 de
403 1100 488 1130 suo
528 1090 807 1146 apponunt:
843 1080 926 1129 sed
961 1079 1158 1128 aliorum
1196 1079 1264 1127 di-

68 1168 76 1172 ’
125 1160 200 1200 cta
233 1150 480 1214 colligunt,
505 1148 766 1196 cuiusmodi
801 1156 912 1194 sunt
936 1146 1129 1201 Lexica,
1173 1146 1265 1195 Cf)-

126 1216 382 1271 cordanffie,
445 1215 845 1279 Apophtegmata,
908 1212 1267 1268 Similitudines,

129 1284 330 1338 IndiceS,
362 1285 399 1331 δι
424 1281 709 1335 huiusmodi,
741 1280 778 1328 si
817 1297 920 1344 quae
954 1279 1157 1327 habeant
1191 1280 1271 1327 ad-

127 1350 291 1405 mixta,
338 1367 440 1413 quae
480 1347 822 1413 expurgatione
862 1346 1136 1410 indigeant,
1178 1345 1270 1393 illis

102 1415 370 1481 *EpiscopL
409 1418 446 1464 δι
480 1413 775 1478 Inquisitoris
805 1412 901 1460 vna
932 1429 1040 1460 cum
1084 1412 1270 1461 Theolo

129 1499 299 1548 gorum
326 1481 677 1530 Catholicorum
708 1479 900 1529 consilio
932 1478 1124 1527 sublatis
1139 1514 1152 1535 ,
1190 1487 1272 1527 aut

130 1547 388 1599 emendatis
409 1547 760 1613 permittantur.

314 1746 790 1796 REGVLA
860 1715 1030 1796 V112

69 1885 205 1935 Libri
225 1921 238 1941 ,
263 1886 344 1951 qui
367 1902 441 1934 res
464 1884 657 1933 lasciuae
673 1921 686 1941 ,
718 1902 800 1934 seu
825 1887 1054 1934 obscaenas
1086 1903 1146 1934 ex
1169 1903 1275 1951 pro-

135 1953 254 2001 fesso
277 1959 491 2006 tractant,
521 1960 713 2000 narrant
728 1987 740 2006 ‚
770 1962 850 2000 aut
874 1952 1046 2000 docent
1061 1987 1074 2007 ‚
1098 1958 1157 2000 cu
1181 1970 1278 2001 non

134 2018 285 2067 solum
308 2017 419 2066 fidei
443 2036 455 2065 :
490 2018 573 2066 sed
596 2020 632 2066 δι
657 2035 858 2073 morum,
898 2018 981 2083 qui
1006 2018 1278 2067 huiusmodi

132 2085 359 2133 librorum
399 2083 599 2132 lectione
637 2084 773 2133 facile
805 2078 1042 2150 corru‘mpi
1093 2084 1276 2140 solent,

131 2150 248 2199 ratio
291 2149 503 2199 habenda
541 2150 599 2198 sit
623 2185 637 2206 ,
684 2151 876 2200 omnino
916 2151 1085 2220 prohib
1099 2160 1240 2200 entur
1266 2186 1278 2205 ,
