1474 2534
139 236 141 238 ψ
201 206 298 248 lxxx'
691 207 882 263 Preface.

200 294 267 332 the
285 306 388 332 same
406 292 598 332 column.‘¹
651 293 748 331 This
776 293 809 331 is
838 291 1061 343 prescribed
1086 291 1130 331 in
1154 291 1224 331 fol.
1248 293 1315 339 21,
1343 291 1390 329 of

199 346 266 383 the
284 345 407 384 Index
424 359 433 391 ;
463 345 534 382 but
549 345 660 383 when
681 345 747 382 the
765 344 948 383 Cardinal
971 343 1116 382 arrives
1137 348 1178 382 at
1200 343 1266 382 fol.
1291 342 1379 390 182,

198 397 249 435 he
267 398 412 447 forgets
431 396 594 434 himself
613 409 657 434 so
677 396 735 434 far
757 409 798 433 as
822 401 862 434 to
881 396 1020 447 permit
1042 395 1108 434 the
1132 395 1256 433 whole
1280 393 1384 433 book

197 448 240 486 in
266 449 316 487 its
346 447 579 497 unchanged
610 453 718 494 state,
756 453 913 498 propter
942 447 1023 486 eius
1053 446 1386 497 antiquitatem.—

200 503 226 521 “
252 499 291 538 T
287 512 386 538 omo.
420 499 584 537 6.,Col.
614 501 702 536 241.
731 505 827 537 ante
854 499 1044 544 medium,
1071 499 1287 536 deleantur
1310 497 1386 536 illa

197 551 330 597 verba,
368 551 466 589 Mali
500 563 590 600 ergo
625 550 700 588 viri
731 551 911 600 precatio,
953 562 1076 598 'osque
1106 550 1174 596 ad,
1210 555 1269 587 est
1303 548 1383 586 ἀίει-

198 602 281 641 boli
316 601 552 640 inuocatio.''
606 602 792 639 Sentence
823 602 856 640 is
888 602 980 641 here
1003 601 1142 651 passed
1171 613 1278 651 upon
1309 605 1384 638 two

198 653 388 692 Fathers:
423 654 483 691 for
510 653 736 691 Anastasius
755 653 928 691 Nicenus
959 653 1132 703 (Quaest.
1160 652 1205 689 in
1228 651 1380 700 Script.

194 705 244 743 B.
265 705 302 744 P.
321 706 431 744 Tom.
456 708 488 743 l.
505 705 578 743 col.
602 706 685 742 140.
707 704 827 742 Paris.
839 704 979 752 1589.)
997 711 1135 756 quotes
1152 703 1218 742 the
1234 703 1382 741 follow-

197 757 266 807 ing
292 770 452 808 passage
473 771 481 794 :
512 761 537 777 “
553 756 626 794 Ex
654 756 854 804 Greyorio
881 756 1074 802 Mosam,
1107 767 1160 794 ex
1191 754 1383 792 Oratione

195 821 318 859 quam
336 808 503 858 scripsit
522 808 566 845 in
585 808 696 845 Pater
714 807 858 845 Noster
877 807 914 845 :’'
967 807 1062 845 mali
1087 818 1180 856 ergo
1205 805 1280 844 viri
1297 818 1382 855 pre·

194 860 297 899 catio
309 866 376 898 aut
389 858 628 910 poenitentia,
646 858 819 909 quandiu
833 858 948 896 fuerit
964 858 1006 896 in
1016 858 1192 909 nequitia
1207 856 1239 894 δι
1252 856 1381 907 praui.-

195 917 285 956 tate,
306 917 363 949 est
380 911 528 949 diaboli
544 910 769 948 inuocatio.e
916 942 917 945 ,
1194 940 1196 943 .
1371 939 1375 944 ,

250 963 333 1001 Our
347 963 466 1013 polite
487 962 764 1013 acquaintance
783 960 939 999 Gretser
965 961 1057 1001 thus
1085 959 1292 999 addressed
1309 959 1380 998 Dr.

197 1014 327 1053 James
348 1029 358 1052 ε
386 1019 444 1060 tu,
464 1014 498 1052 si
514 1013 681 1051 mendax
696 1025 776 1051 non
800 1025 854 1059 es,
886 1012 1044 1050 ostende
1060 1012 1186 1050 vllum
1210 1010 1382 1050 Indicam

197 1065 525 1116 expurgatorium,
540 1064 608 1115 qui
620 1064 782 1115 aliquid,
798 1063 904 1114 quod
917 1063 966 1101 ad
983 1063 1110 1114 ipsum
1127 1063 1159 1099 δι’.
1172 1062 1383 1114 genuinum

200 1116 340 1166 Cyrilli
383 1121 605 1155 contextum
649 1115 848 1166 pertineat,
893 1114 1111 1153 oblitterare
1149 1113 1271 1165 praeci
1299 1113 1306 1121 ‘
1333 1112 1382 1152 t!

198 1168 294 1207 This
310 1168 419 1206 Saint
434 1168 467 1206 is
487 1169 561 1206 five
585 1167 697 1205 times
721 1166 919 1204 corrected
934 1166 976 1204 in
990 1166 1056 1204 the
1073 1165 1240 1216 Spanish
1256 1196 1258 1199 .
1308 1165 1383 1203 dex

188 1233 254 1259 vwe
278 1233 341 1258 are
358 1219 543 1270 speaking
560 1219 613 1265 of,
643 1218 727 1256 foll.
752 1219 814 1263 74,
839 1215 1147 1256 5.-C0mment.
1166 1217 1207 1255 in
1223 1216 1381 1263 haiam,

197 1272 310 1322 capit.
335 1274 367 1309 1.
398 1274 422 1292 ‘⁴
435 1270 508 1308 Ea·
525 1276 639 1308 textu
657 1269 874 1307 deleantur
887 1268 962 1306 illa
978 1267 1112 1315 verba,
1130 1267 1239 1305 Fidei
1254 1272 1381 1306 autem

195 1323 357 1373 gratiam
387 1322 477 1360 cum
502 1322 577 1367 his,
605 1321 674 1371 qui
691 1319 804 1357 valde
829 1319 1020 1370 inquinati
1039 1324 1142 1365 sunt,
1163 1319 1248 1357 tum
1265 1319 1381 1357 etiam·

194 1374 357 1423 paulum
374 1373 511 1411 morbo
530 1372 686 1417 affectis,
707 1371 798 1409 satis
814 1371 862 1408 ad
878 1371 1157 1408 emedationem
1175 1370 1382 1408 valituram

193 1439 278 1463 esse
308 1425 425 1463 fidem
450 1424 554 1470 facit,
586 1423 829 1461 dicens8.—·“
858 1420 958 1470 Cap.
992 1423 1054 1460 47.
1086 1422 1302 1459 deleantur
1326 1433 1381 1460 en:

194 1482 293 1514 text.
324 1477 399 1513 illa
427 1475 531 1513 verb.
587 1475 648 1512 Tu
667 1473 760 1511 vero
789 1472 835 1510 eo
864 1473 1068 1523 impietatis
1093 1485 1298 1523 progressa
1322 1486 1377 1520 es,

193 1532 238 1565 vt
267 1528 400 1565 nullus
429 1526 501 1564 tibi
527 1525 684 1563 relictus
715 1524 766 1562 sit
794 1524 909 1562 saluti
936 1525 1074 1562 Iocus:
1111 1537 1201 1562 nam
1229 1537 1381 1574 semper

193 1579 326 1628 grauia
356 1578 496 1615 delicta
522 1591 638 1628 poena
668 1575 830 1626 aequalis
854 1576 1156 1626 sequetur.”—-“
1179 1575 1278 1625 Cap.
1313 1577 1375 1614 51.

192 1632 237 1667 in
254 1631 337 1679 fin.
358 1630 574 1668 deleantur
590 1641 643 1666 eat
661 1632 759 1665 text.
786 1627 859 1664 illa
877 1626 980 1665 verb.
1035 1627 1111 1664 Sed
1127 1626 1194 1665 vbi
1212 1640 1290 1665 non
1309 1627 1376 1665 ha-

194 1682 328 1719 berent
356 1680 429 1719 Dei
457 1680 632 1718 timorem
659 1679 699 1716 in
725 1677 874 1728 seipsis,
915 1691 985 1716 nec
1013 1678 1143 1720 Iesum
1169 1687 1242 1729 pe't‘
1262 1679 1377 1717 fidem

192 1733 371 1771 incolam'
387 1732 623 1783 reciperent:
653 1729 803 1768 habitat
827 1729 930 1767 enim
954 1729 995 1767 in
1025 1729 1378 1767 cordibusvnostris

1241 1792 1325 1831 ⁴per

234 1897 249 1918 ‘¹
265 1898 352 1928 Conf.
368 1899 436 1927 Iud.
457 1899 553 1934 Bran„
568 1908 598 1936 p.
619 1899 687 1935 150,
703 1903 735 1928 et
749 1908 834 1937 seqq.

232 1944 248 1960 θ
265 1941 330 1970 lnd.
349 1940 473 1976 Brasic.‚
490 1950 518 1979 p.
537 1941 587 1969 60.

232 1979 306 2054 :qsse
327 1984 390 2013 ivre
417 1983 503 2021 proh.
537 1983 600 2018 lib„
633 1991 684 2021 pp.
709 1982 821 2012 301-5.
864 1982 953 2014 Confi
979 1983 1116 2015 Treatise
1137 1982 1174 2024 qs
1189 1986 1371 2026 corruption,

190 2036 220 2065 ν’
232 2071 248 2094 κ
265 2046 390 2098 Βὲωινε
405 2067 587 2104 Item-active,
603 2077 631 2107 p.
650 2068 719 2098 489.
743 2067 840 2100 Lena
859 2068 950 2100 1616.
