<?xml version="1.0" encoding="UTF-8"?>
<!DOCTYPE html PUBLIC "-//W3C//DTD XHTML 1.0 Transitional//EN"
    "http://www.w3.org/TR/xhtml1/DTD/xhtml1-transitional.dtd">
<html xmlns="http://www.w3.org/1999/xhtml" xml:lang="en" lang="en">
 <head>
  <title>
</title>
<meta http-equiv="Content-Type" content="text/html;charset=utf-8" />
  <meta name='ocr-system' content='tesseract 3.04.00' />
  <meta name='ocr-capabilities' content='ocr_page ocr_carea ocr_par ocr_line ocrx_word'/>
</head>
<body>
  <div class='ocr_page' id='page_1' title='image "./exactreprintofro00gibbuoft_0257.png"; bbox 0 0 1430 2534; ppageno 0'>
   <div class='ocr_carea' id='block_1_1' title="bbox 377 231 1027 277">
    <p class='ocr_par' dir='ltr' id='par_1_1' title="bbox 377 231 1027 277">
     <span class='ocr_line' id='line_1_1' title="bbox 377 231 1027 277; baseline -0.008 0"><span class='ocrx_word' id='word_1_1' title='bbox 377 231 641 277; x_wconf 73' lang='lat' dir='ltr'><em>Bibliotheca</em></span> <span class='ocrx_word' id='word_1_2' title='bbox 665 231 809 275; x_wconf 78' lang='lat' dir='ltr'>Sanct.</span> <span class='ocrx_word' id='word_1_3' title='bbox 832 233 1027 277; x_wconf 79' lang='lat' dir='ltr'>Palrum.</span> 
     </span>
    </p>
   </div>
   <div class='ocr_carea' id='block_1_2' title="bbox 94 307 696 1428">
    <p class='ocr_par' dir='ltr' id='par_1_2' title="bbox 94 307 695 627">
     <span class='ocr_line' id='line_1_2' title="bbox 94 307 694 359; baseline -0.01 -11"><span class='ocrx_word' id='word_1_4' title='bbox 94 308 210 348; x_wconf 69' lang='lat' dir='ltr'>Porro</span> <span class='ocrx_word' id='word_1_5' title='bbox 230 319 262 346; x_wconf 78' lang='lat' dir='ltr'>s,</span> <span class='ocrx_word' id='word_1_6' title='bbox 281 307 510 359; x_wconf 85' lang='lat' dir='ltr'>Gregorium</span> <span class='ocrx_word' id='word_1_7' title='bbox 530 307 694 358; x_wconf 90' lang='lat' dir='ltr'>primum</span> 
     </span>
     <span class='ocr_line' id='line_1_3' title="bbox 147 361 694 412; baseline -0.011 -11"><span class='ocrx_word' id='word_1_8' title='bbox 147 370 294 401; x_wconf 83' lang='lat' dir='ltr'>austero</span> <span class='ocrx_word' id='word_1_9' title='bbox 313 362 435 412; x_wconf 67' lang='lat' dir='ltr'>quodae‘i</span> <span class='ocrx_word' id='word_1_10' title='bbox 463 361 543 398; x_wconf 88' lang='lat' dir='ltr'>zelo</span> <span class='ocrx_word' id='word_1_11' title='bbox 570 361 694 397; x_wconf 84' lang='lat' dir='ltr'>noluis</span> 
     </span>
     <span class='ocr_line' id='line_1_4' title="bbox 145 414 695 456; baseline -0.011 0"><span class='ocrx_word' id='word_1_12' title='bbox 145 430 187 456; x_wconf 77' lang='lat' dir='ltr'>se</span> <span class='ocrx_word' id='word_1_13' title='bbox 233 417 506 456; x_wconf 82' lang='lat' dir='ltr'>communicare</span> <span class='ocrx_word' id='word_1_14' title='bbox 542 414 695 451; x_wconf 89' lang='lat' dir='ltr'>Arianis</span> 
     </span>
     <span class='ocr_line' id='line_1_5' title="bbox 145 468 693 522; baseline -0.011 -13"><span class='ocrx_word' id='word_1_15' title='bbox 145 471 388 522; x_wconf 84' lang='lat' dir='ltr'>quantumuis</span> <span class='ocrx_word' id='word_1_16' title='bbox 411 468 693 520; x_wconf 76' lang='lat' dir='ltr'>poenitentibuS‚</span> 
     </span>
     <span class='ocr_line' id='line_1_6' title="bbox 148 522 693 574; baseline -0.007 -12"><span class='ocrx_word' id='word_1_17' title='bbox 148 533 223 574; x_wconf 82' lang='lat' dir='ltr'>atq3</span> <span class='ocrx_word' id='word_1_18' title='bbox 246 523 483 562; x_wconf 85' lang='lat' dir='ltr'>Luciferiano</span> <span class='ocrx_word' id='word_1_19' title='bbox 501 522 693 559; x_wconf 84' lang='lat' dir='ltr'>schismati</span> 
     </span>
     <span class='ocr_line' id='line_1_7' title="bbox 145 576 693 627; baseline -0.009 -11"><span class='ocrx_word' id='word_1_20' title='bbox 145 579 361 623; x_wconf 75' lang='lat' dir='ltr'>inhaesisse,</span> <span class='ocrx_word' id='word_1_21' title='bbox 388 576 587 627; x_wconf 75' lang='lat' dir='ltr'>postmodss</span> <span class='ocrx_word' id='word_1_22' title='bbox 606 587 693 612; x_wconf 87' lang='lat' dir='ltr'>vero</span> 
     </span>
    </p>

    <p class='ocr_par' dir='ltr' id='par_1_3' title="bbox 126 630 696 1428">
     <span class='ocr_line' id='line_1_8' title="bbox 126 630 694 679; baseline -0.009 -9"><span class='ocrx_word' id='word_1_23' title='bbox 126 633 344 674; x_wconf 69' lang='lat' dir='ltr'>,catholicae</span> <span class='ocrx_word' id='word_1_24' title='bbox 374 630 546 679; x_wconf 53' lang='lat' dir='ltr'>Ecclesig²</span> <span class='ocrx_word' id='word_1_25' title='bbox 575 637 694 666; x_wconf 87' lang='lat' dir='ltr'>nextu</span> 
     </span>
     <span class='ocr_line' id='line_1_9' title="bbox 148 685 693 724; baseline -0.009 -1"><span class='ocrx_word' id='word_1_26' title='bbox 148 685 343 724; x_wconf 78' lang='lat' dir='ltr'>charitatis</span> <span class='ocrx_word' id='word_1_27' title='bbox 365 685 607 721; x_wconf 85' lang='lat' dir='ltr'>coniunctum</span> <span class='ocrx_word' id='word_1_28' title='bbox 625 695 693 719; x_wconf 87' lang='lat' dir='ltr'>san</span> 
     </span>
     <span class='ocr_line' id='line_1_10' title="bbox 149 738 693 784; baseline -0.013 -4"><span class='ocrx_word' id='word_1_29' title='bbox 149 740 291 784; x_wconf 61' lang='lat' dir='ltr'>mititte,</span> <span class='ocrx_word' id='word_1_30' title='bbox 300 740 337 775; x_wconf 89' lang='lat'>&amp;</span> <span class='ocrx_word' id='word_1_31' title='bbox 346 738 515 775; x_wconf 86' lang='lat' dir='ltr'>doctrina</span> <span class='ocrx_word' id='word_1_32' title='bbox 527 739 693 775; x_wconf 85' lang='lat' dir='ltr'>euasisse</span> 
     </span>
     <span class='ocr_line' id='line_1_11' title="bbox 149 790 693 831; baseline -0.007 0"><span class='ocrx_word' id='word_1_33' title='bbox 149 790 693 831; x_wconf 71' lang='lat' dir='ltr'>clarissimuminnumerissan</span> 
     </span>
     <span class='ocr_line' id='line_1_12' title="bbox 148 844 692 894; baseline -0.007 -10"><span class='ocrx_word' id='word_1_34' title='bbox 148 855 291 884; x_wconf 71' lang='lat' dir='ltr'>ntorum</span> <span class='ocrx_word' id='word_1_35' title='bbox 312 846 469 883; x_wconf 88' lang='lat' dir='ltr'>Patrum</span> <span class='ocrx_word' id='word_1_36' title='bbox 492 844 623 894; x_wconf 86' lang='lat' dir='ltr'>elogijs</span> <span class='ocrx_word' id='word_1_37' title='bbox 649 856 692 881; x_wconf 88' lang='lat' dir='ltr'>ce</span> 
     </span>
     <span class='ocr_line' id='line_1_13' title="bbox 149 898 692 938; baseline -0.007 0"><span class='ocrx_word' id='word_1_38' title='bbox 149 901 334 938; x_wconf 84' lang='lat' dir='ltr'>lebratum</span> <span class='ocrx_word' id='word_1_39' title='bbox 370 901 410 936; x_wconf 89' lang='lat' dir='ltr'>in</span> <span class='ocrx_word' id='word_1_40' title='bbox 438 898 580 936; x_wconf 87' lang='lat' dir='ltr'>eisdem</span> <span class='ocrx_word' id='word_1_41' title='bbox 611 898 692 934; x_wconf 89' lang='lat' dir='ltr'>An-</span> 
     </span>
     <span class='ocr_line' id='line_1_14' title="bbox 147 951 695 1002; baseline -0.007 -11"><span class='ocrx_word' id='word_1_42' title='bbox 147 955 296 991; x_wconf 81' lang='lat' dir='ltr'>nalibus</span> <span class='ocrx_word' id='word_1_43' title='bbox 318 951 464 1002; x_wconf 73' lang='lat' dir='ltr'>copiose</span> <span class='ocrx_word' id='word_1_44' title='bbox 480 952 695 1001; x_wconf 83' lang='lat' dir='ltr'><strong>exponitur,</strong></span> 
     </span>
     <span class='ocr_line' id='line_1_15' title="bbox 155 1005 693 1044; baseline -0.006 0"><span class='ocrx_word' id='word_1_45' title='bbox 155 1012 246 1044; x_wconf 80' lang='lat' dir='ltr'>tom.</span> <span class='ocrx_word' id='word_1_46' title='bbox 259 1009 297 1043; x_wconf 91' lang='lat'>4.</span> <span class='ocrx_word' id='word_1_47' title='bbox 311 1018 414 1043; x_wconf 79' lang='lat' dir='ltr'>anno</span> <span class='ocrx_word' id='word_1_48' title='bbox 434 1005 587 1042; x_wconf 77' lang='lat' dir='ltr'><strong><em>Christi</em></strong></span> <span class='ocrx_word' id='word_1_49' title='bbox 601 1006 693 1042; x_wconf 86' lang='lat'>371.</span> 
     </span>
     <span class='ocr_line' id='line_1_16' title="bbox 151 1058 694 1110; baseline -0.007 -13"><span class='ocrx_word' id='word_1_50' title='bbox 151 1072 242 1110; x_wconf 81' lang='lat' dir='ltr'>cap.</span> <span class='ocrx_word' id='word_1_51' title='bbox 267 1060 356 1096; x_wconf 83' lang='lat'>121.</span> <span class='ocrx_word' id='word_1_52' title='bbox 385 1059 418 1110; x_wconf 64' lang='grc' dir='ltr'>ᾁ-</span> <span class='ocrx_word' id='word_1_53' title='bbox 435 1070 545 1109; x_wconf 81' lang='lat' dir='ltr'>seqq.</span> <span class='ocrx_word' id='word_1_54' title='bbox 566 1058 598 1108; x_wconf 62' lang='grc' dir='ltr'>ᾇ·</span> <span class='ocrx_word' id='word_1_55' title='bbox 622 1070 694 1094; x_wconf 84' lang='lat' dir='ltr'>an-</span> 
     </span>
     <span class='ocr_line' id='line_1_17' title="bbox 154 1111 694 1162; baseline -0.004 -12"><span class='ocrx_word' id='word_1_56' title='bbox 154 1126 204 1150; x_wconf 82' lang='lat' dir='ltr'>no</span> <span class='ocrx_word' id='word_1_57' title='bbox 223 1113 316 1150; x_wconf 87' lang='lat'><strong>388.</strong></span> <span class='ocrx_word' id='word_1_58' title='bbox 342 1123 429 1161; x_wconf 83' lang='lat' dir='ltr'>cap.</span> <span class='ocrx_word' id='word_1_59' title='bbox 450 1112 516 1148; x_wconf 89' lang='lat'>96.</span> <span class='ocrx_word' id='word_1_60' title='bbox 537 1111 570 1162; x_wconf 63' lang='grc' dir='ltr'>ᾇ·</span> <span class='ocrx_word' id='word_1_61' title='bbox 588 1122 694 1161; x_wconf 81' lang='lat' dir='ltr'>seqq.</span> 
     </span>
     <span class='ocr_line' id='line_1_18' title="bbox 154 1164 696 1214; baseline -0.006 -10"><span class='ocrx_word' id='word_1_62' title='bbox 154 1166 364 1204; x_wconf 85' lang='lat' dir='ltr'>Conseruat</span> <span class='ocrx_word' id='word_1_63' title='bbox 376 1164 552 1214; x_wconf 87' lang='lat' dir='ltr'>Gregorij</span> <span class='ocrx_word' id='word_1_64' title='bbox 571 1176 696 1201; x_wconf 89' lang='lat' dir='ltr'>memo</span> 
     </span>
     <span class='ocr_line' id='line_1_19' title="bbox 153 1217 694 1257; baseline -0.009 0"><span class='ocrx_word' id='word_1_65' title='bbox 153 1220 246 1257; x_wconf 83' lang='lat' dir='ltr'>riam</span> <span class='ocrx_word' id='word_1_66' title='bbox 259 1219 469 1255; x_wconf 82' lang='lat' dir='ltr'>sanctitatis</span> <span class='ocrx_word' id='word_1_67' title='bbox 481 1217 588 1253; x_wconf 85' lang='lat' dir='ltr'>laude</span> <span class='ocrx_word' id='word_1_68' title='bbox 600 1217 694 1253; x_wconf 88' lang='lat' dir='ltr'>insi-</span> 
     </span>
     <span class='ocr_line' id='line_1_20' title="bbox 153 1269 694 1323; baseline -0.007 -13"><span class='ocrx_word' id='word_1_69' title='bbox 153 1286 266 1323; x_wconf 82' lang='lat' dir='ltr'>gnem</span> <span class='ocrx_word' id='word_1_70' title='bbox 286 1272 456 1309; x_wconf 86' lang='lat' dir='ltr'>Romana</span> <span class='ocrx_word' id='word_1_71' title='bbox 473 1269 642 1307; x_wconf 81' lang='lat' dir='ltr'>Ecclesia</span> <span class='ocrx_word' id='word_1_72' title='bbox 655 1271 694 1307; x_wconf 91' lang='lat' dir='ltr'>in</span> 
     </span>
     <span class='ocr_line' id='line_1_21' title="bbox 151 1324 694 1374; baseline -0.006 -10"><span class='ocrx_word' id='word_1_73' title='bbox 151 1326 321 1364; x_wconf 84' lang='lat' dir='ltr'>Romano</span> <span class='ocrx_word' id='word_1_74' title='bbox 339 1324 622 1374; x_wconf 81' lang='lat' dir='ltr'>Martyrologio,</span> <span class='ocrx_word' id='word_1_75' title='bbox 634 1336 694 1361; x_wconf 89' lang='lat' dir='ltr'>re-</span> 
     </span>
     <span class='ocr_line' id='line_1_22' title="bbox 151 1377 694 1428; baseline -0.004 -12"><span class='ocrx_word' id='word_1_76' title='bbox 151 1380 336 1428; x_wconf 87' lang='lat' dir='ltr'>liquorum</span> <span class='ocrx_word' id='word_1_77' title='bbox 364 1377 551 1415; x_wconf 84' lang='lat' dir='ltr'>Diuorum</span> <span class='ocrx_word' id='word_1_78' title='bbox 578 1377 694 1414; x_wconf 85' lang='lat' dir='ltr'>natali</span> 
     </span>
    </p>
   </div>
   <div class='ocr_carea' id='block_1_3' title="bbox 1171 229 1250 273">
    <p class='ocr_par' dir='ltr' id='par_1_4' title="bbox 1171 229 1250 273">
     <span class='ocr_line' id='line_1_23' title="bbox 1171 229 1250 273; baseline -0.025 0"><span class='ocrx_word' id='word_1_79' title='bbox 1171 229 1250 273; x_wconf 87' lang='lat'>149</span> 
     </span>
    </p>
   </div>
   <div class='ocr_carea' id='block_1_4' title="bbox 759 303 1312 1262">
    <p class='ocr_par' dir='ltr' id='par_1_5' title="bbox 759 303 1312 1262">
     <span class='ocr_line' id='line_1_24' title="bbox 762 303 1308 354; baseline -0.007 -12"><span class='ocrx_word' id='word_1_80' title='bbox 762 318 945 354; x_wconf 83' lang='lat' dir='ltr'>nusquam</span> <span class='ocrx_word' id='word_1_81' title='bbox 970 303 1142 341; x_wconf 78' lang='lat' dir='ltr'>meminit</span> <span class='ocrx_word' id='word_1_82' title='bbox 1160 314 1308 353; x_wconf 85' lang='lat' dir='ltr'>proces·</span> 
     </span>
     <span class='ocr_line' id='line_1_25' title="bbox 763 355 1309 408; baseline -0.009 -12"><span class='ocrx_word' id='word_1_83' title='bbox 763 360 879 396; x_wconf 88' lang='lat' dir='ltr'>sionis</span> <span class='ocrx_word' id='word_1_84' title='bbox 894 359 1056 408; x_wconf 85' lang='lat' dir='ltr'>Spiritus</span> <span class='ocrx_word' id='word_1_85' title='bbox 1071 357 1190 394; x_wconf 89' lang='lat' dir='ltr'>sancti</span> <span class='ocrx_word' id='word_1_86' title='bbox 1207 369 1227 392; x_wconf 88' lang='lat' dir='ltr'><strong>a</strong></span> <span class='ocrx_word' id='word_1_87' title='bbox 1242 355 1309 392; x_wconf 81' lang='lat' dir='ltr'>Fi-</span> 
     </span>
     <span class='ocr_line' id='line_1_26' title="bbox 761 413 1309 462; baseline -0.011 -12"><span class='ocrx_word' id='word_1_88' title='bbox 761 413 825 450; x_wconf 85' lang='lat' dir='ltr'>lio.</span> <span class='ocrx_word' id='word_1_89' title='bbox 854 413 949 450; x_wconf 91' lang='lat' dir='ltr'>Illud</span> <span class='ocrx_word' id='word_1_90' title='bbox 962 413 1122 462; x_wconf 82' lang='lat' dir='ltr'>primum</span> <span class='ocrx_word' id='word_1_91' title='bbox 1136 416 1309 455; x_wconf 84' lang='lat' dir='ltr'>excusat,</span> 
     </span>
     <span class='ocr_line' id='line_1_27' title="bbox 761 464 1309 516; baseline -0.009 -12"><span class='ocrx_word' id='word_1_92' title='bbox 761 466 859 516; x_wconf 86' lang='lat' dir='ltr'>quod</span> <span class='ocrx_word' id='word_1_93' title='bbox 888 467 1043 515; x_wconf 68' lang='lat' dir='ltr'>barbaro</span> <span class='ocrx_word' id='word_1_94' title='bbox 1071 464 1309 500; x_wconf 82' lang='lat' dir='ltr'>Mahometa-</span> 
     </span>
     <span class='ocr_line' id='line_1_28' title="bbox 761 516 1310 567; baseline -0.009 -10"><span class='ocrx_word' id='word_1_95' title='bbox 761 533 811 557; x_wconf 90' lang='lat' dir='ltr'>no</span> <span class='ocrx_word' id='word_1_96' title='bbox 842 520 925 557; x_wconf 87' lang='lat' dir='ltr'>rudi</span> <span class='ocrx_word' id='word_1_97' title='bbox 953 521 1005 557; x_wconf 86' lang='lat' dir='ltr'>ita</span> <span class='ocrx_word' id='word_1_98' title='bbox 1031 517 1259 567; x_wconf 89' lang='lat' dir='ltr'>loquendum</span> <span class='ocrx_word' id='word_1_99' title='bbox 1290 516 1310 553; x_wconf 79' lang='lat' dir='ltr'>e</span> 
     </span>
     <span class='ocr_line' id='line_1_29' title="bbox 760 571 1309 625; baseline -0.011 -13"><span class='ocrx_word' id='word_1_100' title='bbox 760 574 959 625; x_wconf 85' lang='lat' dir='ltr'>praesentis</span> <span class='ocrx_word' id='word_1_101' title='bbox 971 585 1096 610; x_wconf 83' lang='lat' dir='ltr'>causae</span> <span class='ocrx_word' id='word_1_102' title='bbox 1113 571 1309 608; x_wconf 83' lang='lat' dir='ltr'>occasione</span> 
     </span>
     <span class='ocr_line' id='line_1_30' title="bbox 762 624 1310 677; baseline -0.007 -13"><span class='ocrx_word' id='word_1_103' title='bbox 762 629 875 665; x_wconf 86' lang='lat' dir='ltr'>fuerit</span> <span class='ocrx_word' id='word_1_104' title='bbox 890 656 899 672; x_wconf 93' lang='lat'>‚</span> <span class='ocrx_word' id='word_1_105' title='bbox 920 640 967 665; x_wconf 88' lang='lat' dir='ltr'>ne</span> <span class='ocrx_word' id='word_1_106' title='bbox 992 627 1119 677; x_wconf 87' lang='lat' dir='ltr'>plures</span> <span class='ocrx_word' id='word_1_107' title='bbox 1147 624 1250 662; x_wconf 88' lang='lat' dir='ltr'>Deos</span> <span class='ocrx_word' id='word_1_108' title='bbox 1269 625 1310 661; x_wconf 84' lang='lat' dir='ltr'>in</span> 
     </span>
     <span class='ocr_line' id='line_1_31' title="bbox 761 678 1309 730; baseline -0.009 -11"><span class='ocrx_word' id='word_1_109' title='bbox 761 681 948 719; x_wconf 81' lang='lat' dir='ltr'>Trinitate</span> <span class='ocrx_word' id='word_1_110' title='bbox 968 681 1183 730; x_wconf 88' lang='lat' dir='ltr'>conciperet</span> <span class='ocrx_word' id='word_1_111' title='bbox 1205 707 1214 716; x_wconf 87' lang='lat'><strong><em>.</em></strong></span> <span class='ocrx_word' id='word_1_112' title='bbox 1264 678 1309 714; x_wconf 90' lang='lat' dir='ltr'>In</span> 
     </span>
     <span class='ocr_line' id='line_1_32' title="bbox 761 732 1308 784; baseline -0.009 -12"><span class='ocrx_word' id='word_1_113' title='bbox 761 735 928 773; x_wconf 86' lang='lat' dir='ltr'>secundo</span> <span class='ocrx_word' id='word_1_114' title='bbox 946 734 1035 772; x_wconf 79' lang='lat' dir='ltr'>vero</span> <span class='ocrx_word' id='word_1_115' title='bbox 1054 741 1162 784; x_wconf 87' lang='lat' dir='ltr'>putat</span> <span class='ocrx_word' id='word_1_116' title='bbox 1179 732 1308 769; x_wconf 78' lang='lat' dir='ltr'>libellfi</span> 
     </span>
     <span class='ocr_line' id='line_1_33' title="bbox 761 785 1311 827; baseline -0.011 0"><span class='ocrx_word' id='word_1_117' title='bbox 761 791 862 827; x_wconf 88' lang='lat' dir='ltr'>hunc</span> <span class='ocrx_word' id='word_1_118' title='bbox 907 788 1170 826; x_wconf 82' lang='lat' dir='ltr'>Graeculornm</span> <span class='ocrx_word' id='word_1_119' title='bbox 1215 785 1311 822; x_wconf 74' lang='lat' dir='ltr'>forte</span> 
     </span>
     <span class='ocr_line' id='line_1_34' title="bbox 761 840 1309 892; baseline -0.011 -11"><span class='ocrx_word' id='word_1_120' title='bbox 761 843 994 892; x_wconf 87' lang='lat' dir='ltr'>quorundam</span> <span class='ocrx_word' id='word_1_121' title='bbox 1020 840 1174 878; x_wconf 81' lang='lat' dir='ltr'>audacia</span> <span class='ocrx_word' id='word_1_122' title='bbox 1198 852 1309 876; x_wconf 87' lang='lat' dir='ltr'>corru</span> 
     </span>
     <span class='ocr_line' id='line_1_35' title="bbox 759 893 1311 947; baseline -0.011 -13"><span class='ocrx_word' id='word_1_123' title='bbox 759 904 865 947; x_wconf 88' lang='lat' dir='ltr'>ptum</span> <span class='ocrx_word' id='word_1_124' title='bbox 881 909 925 933; x_wconf 89' lang='lat' dir='ltr'>ea</span> <span class='ocrx_word' id='word_1_125' title='bbox 939 902 1042 946; x_wconf 83' lang='lat' dir='ltr'>parte</span> <span class='ocrx_word' id='word_1_126' title='bbox 1056 894 1236 939; x_wconf 82' lang='lat' dir='ltr'>detracta,</span> <span class='ocrx_word' id='word_1_127' title='bbox 1249 893 1311 929; x_wconf 91' lang='lat' dir='ltr'>vbi</span> 
     </span>
     <span class='ocr_line' id='line_1_36' title="bbox 762 947 1312 1000; baseline -0.009 -13"><span class='ocrx_word' id='word_1_128' title='bbox 762 950 806 987; x_wconf 90' lang='lat' dir='ltr'>de</span> <span class='ocrx_word' id='word_1_129' title='bbox 819 950 984 1000; x_wconf 74' lang='lat' dir='ltr'>Spiritus</span> <span class='ocrx_word' id='word_1_130' title='bbox 996 949 1091 985; x_wconf 62' lang='lat' dir='ltr'>secti</span> <span class='ocrx_word' id='word_1_131' title='bbox 1105 947 1312 998; x_wconf 87' lang='lat' dir='ltr'>processio-</span> 
     </span>
     <span class='ocr_line' id='line_1_37' title="bbox 765 999 1308 1040; baseline -0.007 0"><span class='ocrx_word' id='word_1_132' title='bbox 765 1016 812 1040; x_wconf 89' lang='lat' dir='ltr'>ne</span> <span class='ocrx_word' id='word_1_133' title='bbox 825 1005 847 1040; x_wconf 71' lang='grc' dir='ltr'>ἐι</span> <span class='ocrx_word' id='word_1_134' title='bbox 866 1003 959 1039; x_wconf 85' lang='lat' dir='ltr'>Filio</span> <span class='ocrx_word' id='word_1_135' title='bbox 971 1014 1091 1038; x_wconf 88' lang='lat' dir='ltr'>sermo</span> <span class='ocrx_word' id='word_1_136' title='bbox 1105 1008 1199 1038; x_wconf 86' lang='lat' dir='ltr'>erat.</span> <span class='ocrx_word' id='word_1_137' title='bbox 1230 999 1308 1036; x_wconf 92' lang='lat' dir='ltr'>Ve-</span> 
     </span>
     <span class='ocr_line' id='line_1_38' title="bbox 765 1054 1310 1092; baseline -0.007 0"><span class='ocrx_word' id='word_1_138' title='bbox 765 1069 847 1092; x_wconf 87' lang='lat' dir='ltr'>rum</span> <span class='ocrx_word' id='word_1_139' title='bbox 874 1054 1012 1092; x_wconf 72' lang='lat' dir='ltr'>diserte</span> <span class='ocrx_word' id='word_1_140' title='bbox 1039 1055 1151 1090; x_wconf 86' lang='lat' dir='ltr'>nimis</span> <span class='ocrx_word' id='word_1_141' title='bbox 1178 1054 1310 1089; x_wconf 86' lang='lat' dir='ltr'>hocin</span> 
     </span>
     <span class='ocr_line' id='line_1_39' title="bbox 764 1106 1308 1159; baseline -0.009 -13"><span class='ocrx_word' id='word_1_142' title='bbox 764 1110 843 1159; x_wconf 88' lang='lat' dir='ltr'>ipso</span> <span class='ocrx_word' id='word_1_143' title='bbox 861 1109 955 1146; x_wconf 90' lang='lat' dir='ltr'>libro</span> <span class='ocrx_word' id='word_1_144' title='bbox 976 1108 1163 1158; x_wconf 88' lang='lat' dir='ltr'>processio</span> <span class='ocrx_word' id='word_1_145' title='bbox 1187 1106 1308 1156; x_wconf 89' lang='lat' dir='ltr'>Spiri-</span> 
     </span>
     <span class='ocr_line' id='line_1_40' title="bbox 765 1162 1308 1206; baseline -0.006 -7"><span class='ocrx_word' id='word_1_146' title='bbox 765 1170 825 1199; x_wconf 88' lang='lat' dir='ltr'>tus</span> <span class='ocrx_word' id='word_1_147' title='bbox 856 1162 980 1199; x_wconf 83' lang='lat' dir='ltr'>sancti</span> <span class='ocrx_word' id='word_1_148' title='bbox 1007 1162 1188 1198; x_wconf 83' lang='lat' dir='ltr'>asseritur</span> <span class='ocrx_word' id='word_1_149' title='bbox 1206 1188 1217 1206; x_wconf 93' lang='lat'><strong>,</strong></span> <span class='ocrx_word' id='word_1_150' title='bbox 1247 1171 1308 1197; x_wconf 86' lang='lat' dir='ltr'>co-</span> 
     </span>
     <span class='ocr_line' id='line_1_41' title="bbox 764 1214 1132 1262; baseline -0.008 -9"><span class='ocrx_word' id='word_1_151' title='bbox 764 1215 856 1253; x_wconf 85' lang='lat' dir='ltr'>lum.</span> <span class='ocrx_word' id='word_1_152' title='bbox 879 1215 993 1254; x_wconf 77' lang='lat'><strong>1347.</strong></span> <span class='ocrx_word' id='word_1_153' title='bbox 1010 1214 1054 1262; x_wconf 81' lang='lat' dir='ltr'>G,</span> <span class='ocrx_word' id='word_1_154' title='bbox 1076 1215 1132 1260; x_wconf 92' lang='lat' dir='ltr'>D,</span> 
     </span>
    </p>
   </div>
   <div class='ocr_carea' id='block_1_5' title="bbox 738 1297 1291 1390">
    <p class='ocr_par' dir='ltr' id='par_1_6' title="bbox 738 1297 1291 1390">
     <span class='ocr_line' id='line_1_42' title="bbox 738 1297 1291 1351; baseline -0.005 -15"><span class='ocrx_word' id='word_1_155' title='bbox 738 1299 782 1336; x_wconf 87' lang='lat' dir='ltr'>In</span> <span class='ocrx_word' id='word_1_156' title='bbox 801 1300 1034 1351; x_wconf 86' lang='lat' dir='ltr'>expositione</span> <span class='ocrx_word' id='word_1_157' title='bbox 1048 1311 1114 1348; x_wconf 92' lang='lat' dir='ltr'>pro</span> <span class='ocrx_word' id='word_1_158' title='bbox 1133 1297 1291 1335; x_wconf 82' lang='lat' dir='ltr'>concilio</span> 
     </span>
     <span class='ocr_line' id='line_1_43' title="bbox 898 1353 1128 1390; baseline -0.009 0"><span class='ocrx_word' id='word_1_159' title='bbox 898 1353 1128 1390; x_wconf 82' lang='lat' dir='ltr'>Florentino.</span> 
     </span>
    </p>
   </div>
   <div class='ocr_carea' id='block_1_6' title="bbox 157 1426 1306 1483">
    <p class='ocr_par' dir='ltr' id='par_1_7' title="bbox 157 1426 1306 1483">
     <span class='ocr_line' id='line_1_44' title="bbox 157 1426 1306 1483; baseline -0.007 -14"><span class='ocrx_word' id='word_1_160' title='bbox 157 1433 219 1483; x_wconf 85' lang='lat' dir='ltr'>tijs</span> <span class='ocrx_word' id='word_1_161' title='bbox 234 1433 411 1469; x_wconf 78' lang='lat' dir='ltr'>insertam</span> <span class='ocrx_word' id='word_1_162' title='bbox 429 1431 495 1468; x_wconf 79' lang='lat'>24.</span> <span class='ocrx_word' id='word_1_163' title='bbox 511 1430 665 1481; x_wconf 84' lang='lat' dir='ltr'>Aprilis.</span> <span class='ocrx_word' id='word_1_164' title='bbox 707 1429 778 1467; x_wconf 89' lang='lat' dir='ltr'>col.</span> <span class='ocrx_word' id='word_1_165' title='bbox 788 1429 802 1466; x_wconf 95' lang='lat' dir='ltr'>l</span> <span class='ocrx_word' id='word_1_166' title='bbox 812 1427 958 1472; x_wconf 87' lang='lat' dir='ltr'><strong><em>355.D‚</em></strong></span> <span class='ocrx_word' id='word_1_167' title='bbox 968 1427 1063 1464; x_wconf 84' lang='lat' dir='ltr'>tolle</span> <span class='ocrx_word' id='word_1_168' title='bbox 1074 1426 1166 1464; x_wconf 71' lang='lat' dir='ltr'>notc‘z</span> <span class='ocrx_word' id='word_1_169' title='bbox 1177 1438 1306 1474; x_wconf 78' lang='lat' dir='ltr'>mary-</span> 
     </span>
    </p>
   </div>
   <div class='ocr_carea' id='block_1_7' title="bbox 210 1536 594 1629">
    <p class='ocr_par' dir='ltr' id='par_1_8' title="bbox 210 1536 594 1629">
     <span class='ocr_line' id='line_1_45' title="bbox 210 1536 594 1576; baseline -0.008 0"><span class='ocrx_word' id='word_1_170' title='bbox 210 1537 255 1576; x_wconf 87' lang='lat' dir='ltr'>In</span> <span class='ocrx_word' id='word_1_171' title='bbox 270 1536 469 1576; x_wconf 85' lang='lat' dir='ltr'>Gennadio</span> <span class='ocrx_word' id='word_1_172' title='bbox 485 1536 594 1574; x_wconf 87' lang='lat' dir='ltr'>scho-</span> 
     </span>
     <span class='ocr_line' id='line_1_46' title="bbox 340 1591 455 1629; baseline 0.009 -1"><span class='ocrx_word' id='word_1_173' title='bbox 340 1591 433 1629; x_wconf 84' lang='lat' dir='ltr'>lario</span> <span class='ocrx_word' id='word_1_174' title='bbox 446 1620 455 1629; x_wconf 94' lang='lat'>.</span> 
     </span>
    </p>
   </div>
   <div class='ocr_carea' id='block_1_8' title="bbox 99 1696 697 2227">
    <p class='ocr_par' dir='ltr' id='par_1_9' title="bbox 99 1696 697 2227">
     <span class='ocr_line' id='line_1_47' title="bbox 99 1696 691 1748; baseline -0.007 -11"><span class='ocrx_word' id='word_1_175' title='bbox 99 1698 184 1737; x_wconf 81' lang='lat'>001.</span> <span class='ocrx_word' id='word_1_176' title='bbox 206 1698 323 1737; x_wconf 85' lang='lat'>1339.</span> <span class='ocrx_word' id='word_1_177' title='bbox 344 1702 439 1748; x_wconf 80' lang='lat' dir='ltr'>post</span> <span class='ocrx_word' id='word_1_178' title='bbox 466 1696 691 1746; x_wconf 82' lang='lat' dir='ltr'>inscriptio-</span> 
     </span>
     <span class='ocr_line' id='line_1_48' title="bbox 151 1750 691 1803; baseline -0.006 -14"><span class='ocrx_word' id='word_1_179' title='bbox 151 1764 238 1789; x_wconf 80' lang='lat' dir='ltr'>nem</span> <span class='ocrx_word' id='word_1_180' title='bbox 260 1750 401 1803; x_wconf 83' lang='lat' dir='ltr'>Operis</span> <span class='ocrx_word' id='word_1_181' title='bbox 420 1751 500 1789; x_wconf 82' lang='lat' dir='ltr'>ista</span> <span class='ocrx_word' id='word_1_182' title='bbox 518 1762 667 1801; x_wconf 81' lang='lat' dir='ltr'>appone</span> <span class='ocrx_word' id='word_1_183' title='bbox 679 1778 691 1796; x_wconf 85' lang='lat'><strong>,</strong></span> 
     </span>
     <span class='ocr_line' id='line_1_49' title="bbox 150 1803 692 1842; baseline -0.006 0"><span class='ocrx_word' id='word_1_184' title='bbox 150 1804 360 1842; x_wconf 75' lang='lat' dir='ltr'>Annotauit</span> <span class='ocrx_word' id='word_1_185' title='bbox 393 1803 623 1842; x_wconf 86' lang='lat' dir='ltr'>Posseuinus</span> <span class='ocrx_word' id='word_1_186' title='bbox 651 1803 692 1839; x_wconf 89' lang='lat' dir='ltr'>in</span> 
     </span>
     <span class='ocr_line' id='line_1_50' title="bbox 152 1855 692 1908; baseline -0.006 -13"><span class='ocrx_word' id='word_1_187' title='bbox 152 1857 344 1908; x_wconf 78' lang='lat' dir='ltr'>Apparatu</span> <span class='ocrx_word' id='word_1_188' title='bbox 357 1857 404 1895; x_wconf 83' lang='lat' dir='ltr'>ad</span> <span class='ocrx_word' id='word_1_189' title='bbox 413 1869 555 1895; x_wconf 83' lang='lat' dir='ltr'>sacram</span> <span class='ocrx_word' id='word_1_190' title='bbox 569 1855 692 1893; x_wconf 86' lang='lat' dir='ltr'>Biblio</span> 
     </span>
     <span class='ocr_line' id='line_1_51' title="bbox 154 1908 692 1960; baseline -0.006 -12"><span class='ocrx_word' id='word_1_191' title='bbox 154 1911 327 1957; x_wconf 79' lang='lat' dir='ltr'>thecam,</span> <span class='ocrx_word' id='word_1_192' title='bbox 353 1911 444 1948; x_wconf 83' lang='lat' dir='ltr'>huie</span> <span class='ocrx_word' id='word_1_193' title='bbox 467 1909 587 1960; x_wconf 87' lang='lat' dir='ltr'>Operi</span> <span class='ocrx_word' id='word_1_194' title='bbox 605 1908 692 1947; x_wconf 88' lang='lat' dir='ltr'>Gen</span> 
     </span>
     <span class='ocr_line' id='line_1_52' title="bbox 156 1961 694 2014; baseline 0 -14"><span class='ocrx_word' id='word_1_195' title='bbox 156 1961 256 2014; x_wconf 77' lang='lat' dir='ltr'>nadij</span> <span class='ocrx_word' id='word_1_196' title='bbox 268 1963 436 2012; x_wconf 82' lang='lat' dir='ltr'>quaedam</span> <span class='ocrx_word' id='word_1_197' title='bbox 449 1964 572 2001; x_wconf 87' lang='lat' dir='ltr'>inesse</span> <span class='ocrx_word' id='word_1_198' title='bbox 585 1961 694 2000; x_wconf 86' lang='lat' dir='ltr'>obser</span> 
     </span>
     <span class='ocr_line' id='line_1_53' title="bbox 155 2016 690 2066; baseline -0.002 -13"><span class='ocrx_word' id='word_1_199' title='bbox 155 2016 306 2054; x_wconf 70' lang='lat' dir='ltr'>untione</span> <span class='ocrx_word' id='word_1_200' title='bbox 335 2016 472 2066; x_wconf 81' lang='lat' dir='ltr'>digna:</span> <span class='ocrx_word' id='word_1_201' title='bbox 506 2016 690 2066; x_wconf 88' lang='lat' dir='ltr'>primum,</span> 
     </span>
     <span class='ocr_line' id='line_1_54' title="bbox 153 2068 696 2120; baseline -0.004 -13"><span class='ocrx_word' id='word_1_202' title='bbox 153 2068 250 2120; x_wconf 86' lang='lat' dir='ltr'>quod</span> <span class='ocrx_word' id='word_1_203' title='bbox 272 2080 390 2107; x_wconf 71' lang='lat' dir='ltr'>sacrae</span> <span class='ocrx_word' id='word_1_204' title='bbox 408 2068 554 2106; x_wconf 76' lang='lat' dir='ltr'>Triadis</span> <span class='ocrx_word' id='word_1_205' title='bbox 571 2080 696 2119; x_wconf 86' lang='lat' dir='ltr'>perso-</span> 
     </span>
     <span class='ocr_line' id='line_1_55' title="bbox 155 2121 696 2168; baseline -0.002 -8"><span class='ocrx_word' id='word_1_206' title='bbox 155 2133 224 2160; x_wconf 77' lang='lat' dir='ltr'>nas</span> <span class='ocrx_word' id='word_1_207' title='bbox 258 2128 365 2160; x_wconf 74' lang='lat' dir='ltr'>vocat</span> <span class='ocrx_word' id='word_1_208' title='bbox 399 2121 572 2159; x_wconf 79' lang='lat' dir='ltr'>idiomata</span> <span class='ocrx_word' id='word_1_209' title='bbox 586 2150 597 2168; x_wconf 96' lang='lat'>,</span> <span class='ocrx_word' id='word_1_210' title='bbox 628 2134 696 2160; x_wconf 89' lang='lat' dir='ltr'>seu</span> 
     </span>
     <span class='ocr_line' id='line_1_56' title="bbox 156 2174 697 2227; baseline 0.004 -14"><span class='ocrx_word' id='word_1_211' title='bbox 156 2175 412 2227; x_wconf 78' lang='lat' dir='ltr'>proprietates:</span> <span class='ocrx_word' id='word_1_212' title='bbox 440 2174 588 2224; x_wconf 74' lang='lat' dir='ltr'>Alterss,</span> <span class='ocrx_word' id='word_1_213' title='bbox 599 2175 697 2227; x_wconf 88' lang='lat' dir='ltr'>quod</span> 
     </span>
    </p>
   </div>
   <div class='ocr_carea' id='block_1_9' title="bbox 757 1480 1308 2174">
    <p class='ocr_par' dir='ltr' id='par_1_10' title="bbox 757 1480 1308 2174">
     <span class='ocr_line' id='line_1_57' title="bbox 762 1480 1307 1532; baseline -0.009 -13"><span class='ocrx_word' id='word_1_214' title='bbox 762 1482 881 1519; x_wconf 78' lang='lat' dir='ltr'>Filius</span> <span class='ocrx_word' id='word_1_215' title='bbox 913 1482 1099 1532; x_wconf 75' lang='lat' dir='ltr'>principifl</span> <span class='ocrx_word' id='word_1_216' title='bbox 1130 1480 1307 1517; x_wconf 72' lang='lat' dir='ltr'>essentiae</span> 
     </span>
     <span class='ocr_line' id='line_1_58' title="bbox 760 1531 1305 1586; baseline -0.009 -13"><span class='ocrx_word' id='word_1_217' title='bbox 760 1535 924 1586; x_wconf 88' lang='lat' dir='ltr'>Spiritus</span> <span class='ocrx_word' id='word_1_218' title='bbox 947 1535 1082 1579; x_wconf 86' lang='lat' dir='ltr'>sancti,</span> <span class='ocrx_word' id='word_1_219' title='bbox 1111 1534 1144 1586; x_wconf 51' lang='grc' dir='ltr'><strong><em>ξ</em></strong></span> <span class='ocrx_word' id='word_1_220' title='bbox 1163 1531 1305 1578; x_wconf 82' lang='lat' dir='ltr'>scribe,</span> 
     </span>
     <span class='ocr_line' id='line_1_59' title="bbox 758 1587 1308 1635; baseline -0.007 -9"><span class='ocrx_word' id='word_1_221' title='bbox 758 1601 834 1626; x_wconf 91' lang='lat' dir='ltr'>non</span> <span class='ocrx_word' id='word_1_222' title='bbox 880 1589 1084 1626; x_wconf 86' lang='lat' dir='ltr'>admittunt</span> <span class='ocrx_word' id='word_1_223' title='bbox 1126 1587 1308 1635; x_wconf 83' lang='lat' dir='ltr'>Theologi</span> 
     </span>
     <span class='ocr_line' id='line_1_60' title="bbox 758 1640 1307 1680; baseline -0.002 -1"><span class='ocrx_word' id='word_1_224' title='bbox 758 1643 857 1680; x_wconf 81' lang='lat' dir='ltr'>hanc</span> <span class='ocrx_word' id='word_1_225' title='bbox 873 1643 1101 1679; x_wconf 84' lang='lat' dir='ltr'>locutionem</span> <span class='ocrx_word' id='word_1_226' title='bbox 1114 1640 1234 1677; x_wconf 87' lang='lat' dir='ltr'>Filius</span> <span class='ocrx_word' id='word_1_227' title='bbox 1248 1647 1307 1678; x_wconf 87' lang='lat' dir='ltr'>est</span> 
     </span>
     <span class='ocr_line' id='line_1_61' title="bbox 758 1693 1306 1746; baseline -0.005 -14"><span class='ocrx_word' id='word_1_228' title='bbox 758 1696 987 1746; x_wconf 88' lang='lat' dir='ltr'>principium</span> <span class='ocrx_word' id='word_1_229' title='bbox 1000 1694 1175 1731; x_wconf 73' lang='lat' dir='ltr'>essentiae</span> <span class='ocrx_word' id='word_1_230' title='bbox 1186 1693 1306 1743; x_wconf 85' lang='lat' dir='ltr'>Spiri-</span> 
     </span>
     <span class='ocr_line' id='line_1_62' title="bbox 758 1745 1307 1794; baseline -0.007 -8"><span class='ocrx_word' id='word_1_231' title='bbox 758 1755 820 1786; x_wconf 85' lang='lat' dir='ltr'>tus</span> <span class='ocrx_word' id='word_1_232' title='bbox 834 1749 970 1794; x_wconf 86' lang='lat' dir='ltr'>sancti‚</span> <span class='ocrx_word' id='word_1_233' title='bbox 987 1760 1075 1784; x_wconf 81' lang='lat' dir='ltr'>nam</span> <span class='ocrx_word' id='word_1_234' title='bbox 1089 1747 1256 1784; x_wconf 88' lang='lat' dir='ltr'>essentia</span> <span class='ocrx_word' id='word_1_235' title='bbox 1268 1745 1307 1782; x_wconf 92' lang='lat' dir='ltr'>di</span> 
     </span>
     <span class='ocr_line' id='line_1_63' title="bbox 759 1800 1308 1850; baseline -0.007 -11"><span class='ocrx_word' id='word_1_236' title='bbox 759 1802 861 1848; x_wconf 84' lang='lat' dir='ltr'>uina,</span> <span class='ocrx_word' id='word_1_237' title='bbox 872 1813 955 1850; x_wconf 86' lang='lat' dir='ltr'>quae</span> <span class='ocrx_word' id='word_1_238' title='bbox 965 1807 1024 1839; x_wconf 88' lang='lat' dir='ltr'>est</span> <span class='ocrx_word' id='word_1_239' title='bbox 1034 1801 1072 1837; x_wconf 88' lang='lat' dir='ltr'>in</span> <span class='ocrx_word' id='word_1_240' title='bbox 1083 1800 1226 1850; x_wconf 87' lang='lat' dir='ltr'>Spiritu</span> <span class='ocrx_word' id='word_1_241' title='bbox 1238 1811 1308 1836; x_wconf 85' lang='lat' dir='ltr'>san</span> 
     </span>
     <span class='ocr_line' id='line_1_64' title="bbox 762 1853 1305 1904; baseline -0.002 -12"><span class='ocrx_word' id='word_1_242' title='bbox 762 1861 835 1900; x_wconf 87' lang='lat' dir='ltr'>cto,</span> <span class='ocrx_word' id='word_1_243' title='bbox 850 1867 924 1892; x_wconf 92' lang='lat' dir='ltr'>non</span> <span class='ocrx_word' id='word_1_244' title='bbox 939 1855 1052 1892; x_wconf 87' lang='lat' dir='ltr'>habet</span> <span class='ocrx_word' id='word_1_245' title='bbox 1065 1853 1305 1904; x_wconf 85' lang='lat' dir='ltr'>principium:</span> 
     </span>
     <span class='ocr_line' id='line_1_65' title="bbox 757 1906 1307 1946; baseline -0.005 0"><span class='ocrx_word' id='word_1_246' title='bbox 757 1907 825 1946; x_wconf 88' lang='lat' dir='ltr'>sed</span> <span class='ocrx_word' id='word_1_247' title='bbox 859 1907 1080 1946; x_wconf 85' lang='lat' dir='ltr'>Gennadius</span> <span class='ocrx_word' id='word_1_248' title='bbox 1117 1906 1307 1945; x_wconf 84' lang='lat' dir='ltr'>Orthodo-</span> 
     </span>
     <span class='ocr_line' id='line_1_66' title="bbox 761 1961 1306 2011; baseline -0.006 -12"><span class='ocrx_word' id='word_1_249' title='bbox 761 1973 833 1999; x_wconf 87' lang='lat' dir='ltr'>xus</span> <span class='ocrx_word' id='word_1_250' title='bbox 844 1962 982 2011; x_wconf 81' lang='lat' dir='ltr'>alioqui</span> <span class='ocrx_word' id='word_1_251' title='bbox 997 1967 1141 1999; x_wconf 84' lang='lat' dir='ltr'>tantum</span> <span class='ocrx_word' id='word_1_252' title='bbox 1155 1961 1236 1997; x_wconf 86' lang='lat' dir='ltr'>vult</span> <span class='ocrx_word' id='word_1_253' title='bbox 1246 1973 1306 1997; x_wconf 85' lang='lat' dir='ltr'>as—</span> 
     </span>
     <span class='ocr_line' id='line_1_67' title="bbox 760 2015 1306 2066; baseline -0.005 -13"><span class='ocrx_word' id='word_1_254' title='bbox 760 2027 900 2061; x_wconf 87' lang='lat' dir='ltr'>serere,</span> <span class='ocrx_word' id='word_1_255' title='bbox 928 2015 1108 2066; x_wconf 84' lang='lat' dir='ltr'>Spiritum</span> <span class='ocrx_word' id='word_1_256' title='bbox 1130 2021 1306 2052; x_wconf 79' lang='lat' dir='ltr'>sanctum</span> 
     </span>
     <span class='ocr_line' id='line_1_68' title="bbox 761 2066 1306 2117; baseline -0.007 -11"><span class='ocrx_word' id='word_1_257' title='bbox 761 2069 898 2107; x_wconf 83' lang='lat' dir='ltr'>habere</span> <span class='ocrx_word' id='word_1_258' title='bbox 917 2068 939 2106; x_wconf 75' lang='grc' dir='ltr'>ὲ</span> <span class='ocrx_word' id='word_1_259' title='bbox 959 2069 1059 2106; x_wconf 90' lang='lat' dir='ltr'>Filio</span> <span class='ocrx_word' id='word_1_260' title='bbox 1087 2075 1262 2117; x_wconf 81' lang='lat' dir='ltr'>tanquam</span> <span class='ocrx_word' id='word_1_261' title='bbox 1282 2066 1306 2103; x_wconf 72' lang='grc' dir='ltr'>ὲ.</span> 
     </span>
     <span class='ocr_line' id='line_1_69' title="bbox 762 2119 1307 2174; baseline -0.009 -14"><span class='ocrx_word' id='word_1_262' title='bbox 762 2123 820 2160; x_wconf 88' lang='lat' dir='ltr'>sui</span> <span class='ocrx_word' id='word_1_263' title='bbox 838 2122 1020 2174; x_wconf 87' lang='lat' dir='ltr'>principio</span> <span class='ocrx_word' id='word_1_264' title='bbox 1033 2122 1234 2162; x_wconf 80' lang='lat' dir='ltr'>essentiam</span> <span class='ocrx_word' id='word_1_265' title='bbox 1249 2119 1307 2156; x_wconf 91' lang='lat' dir='ltr'>di-</span> 
     </span>
    </p>
   </div>
   <div class='ocr_carea' id='block_1_10' title="bbox 762 2176 903 2214">
    <p class='ocr_par' dir='ltr' id='par_1_11' title="bbox 762 2176 903 2214">
     <span class='ocr_line' id='line_1_70' title="bbox 762 2176 903 2214; baseline -0.007 0"><span class='ocrx_word' id='word_1_266' title='bbox 762 2176 903 2214; x_wconf 83' lang='lat' dir='ltr'>uiuam.</span> 
     </span>
    </p>
   </div>
   <div class='ocr_carea' id='block_1_11' title="bbox 828 2226 1248 2266">
    <p class='ocr_par' dir='ltr' id='par_1_12' title="bbox 828 2226 1248 2266">
     <span class='ocr_line' id='line_1_71' title="bbox 828 2226 1248 2266; baseline -0.01 0"><span class='ocrx_word' id='word_1_267' title='bbox 828 2228 845 2266; x_wconf 88' lang='lat'>1</span> <span class='ocrx_word' id='word_1_268' title='bbox 867 2230 890 2266; x_wconf 88' lang='grc'><strong>3</strong></span> <span class='ocrx_word' id='word_1_269' title='bbox 1165 2226 1248 2263; x_wconf 81' lang='lat' dir='ltr'>Col.</span> 
     </span>
    </p>
   </div>
  </div>
 </body>
</html>
