1442 2514
151 202 234 244 xliv
647 206 834 261 Przgface.

204 286 252 324 In
263 287 341 325 this
349 287 480 337 Belgio
489 287 624 336 Index,
634 289 699 326 the
707 289 868 326 Divines
878 286 1064 336 ofDouay
1074 287 1331 326 makeknown

153 353 175 376 a
192 338 380 389 principle
394 340 439 376 of
458 339 557 376 their
573 344 632 376 art
653 340 698 376 of
710 339 906 384 criticism,
931 338 1057 375 which
1074 339 1107 376 is
1123 339 1272 388 worthy
1292 339 1337 376 of

103 413 107 416 ‚
153 389 347 427 immortal
359 403 543 440 memory.
564 390 699 428 Under
710 391 775 427 the
786 391 895 427 letter
907 389 952 435 B,
971 392 995 409 ‘⁶
1007 389 1059 426 Vt
1071 389 1169 427 liber
1181 390 1332 427 Bert‘ra-

153 441 207 479 mi
229 440 360 478 Presb.
381 441 427 478 de
445 454 548 490 corp.
571 441 602 476 &
620 454 724 490 sang.
746 441 918 487 Domini,
939 440 1093 478 tolerari
1109 441 1333 478 emendatus

156 491 311 542 queat,'’
324 492 424 529 their
429 491 634 541 judgment
645 492 695 529 is:
719 491 915 529 Cum—in
927 491 1128 529 catholicis
1141 491 1335 529 veteribus

155 543 241 581 aliis
258 543 445 592 plurimos
464 543 629 580 feramus
655 556 814 588 errores,
843 545 874 580 &
897 547 1160 589 extenuemus,
1178 555 1335 580 excuse-

154 607 255 638 mus,
265 594 478 643 excogitato
490 599 705 630 commento
713 606 884 643 persaepe
890 606 1084 642 negemus,
1093 596 1124 631 δι
1131 593 1336 631 commodfi

154 645 202 683 iis
221 658 376 683 sensum
395 645 633 693 affingamus,
647 645 697 680 du
713 649 930 694 opponfitur
943 645 984 681 in
996 644 1334 694 disputationibus,

155 702 222 734 aut
239 696 279 733 in
299 695 607 734 conflictionibus
626 701 673 732 cu
690 695 918 733 aduersariis
933 709 941 732 :
963 708 1043 733 non
1059 695 1249 743 videmus,
1267 708 1338 733 cur

154 761 234 786 non
246 747 405 784 eandem
424 747 644 797 aequitatem
659 748 690 784 δι
705 746 927 796 diligentem
940 746 1240 796 recognitionem
1255 759 1335 784 me-

154 804 284 836 reatur
298 799 518 836 Bertramus
534 812 543 843 ;
564 811 611 835 ne
626 797 784 845 heretici
795 797 1027 847 ogganniant
1041 811 1112 835 nos
1129 797 1337 848 antiquita-

155 855 234 887 tem
264 863 334 900 pro
362 849 458 898 ipsis.
479 849 681 886 facientem
709 862 867 886 exurere
895 851 926 887 ἃ
952 849 1184 898 prohibere:
1214 849 1338 886 &c.--·

157 901 242 938 The
267 900 390 938 whole
412 899 543 938 article
566 900 598 938 is
623 914 645 937 a
669 900 916 949 magnificent
939 900 1084 950 sample
1106 901 1152 937 of
1173 899 1336 938 Romish

158 951 320 1001 fidelity.
376 952 460 989 The
480 952 645 989 Censors
659 951 803 1000 having
822 951 920 988 done
934 952 1037 989 what
1051 951 1142 1001 they
1160 951 1277 988 could
1295 951 1348 988 in»

157 1003 224 1040 the
249 1015 330 1052 way
349 1003 395 1039 of
407 1003 635 1053 exposition,
656 1016 718 1040 are
742 1002 897 1052 obliged
921 1007 962 1040 to
984 1002 1137 1053 dispose
1166 1002 1212 1039 of
1231 1015 1338 1040 some

156 1067 251 1103 very
269 1053 528 1091 troublesome
545 1066 736 1103 passages,
755 1053 808 1103 by
827 1053 961 1103 saying
985 1054 1070 1091 that
1090 1054 1182 1103 they
1199 1065 1262 1090 are
1278 1052 1338 1090 in·

156 1104 406 1154 terpolations
426 1119 435 1142 :
465 1104 565 1141 Non
594 1106 696 1142 male
730 1111 804 1142 aut
839 1104 1064 1142 inconsulte
1096 1105 1340 1142 omittantur

157 1157 288 1204 iqitur
316 1156 453 1192 omnia
478 1155 583 1193 laec.
600 1183 608 1192 .
625 1182 635 1193 .
651 1183 662 1193 .
721 1155 941 1205 According
958 1161 998 1193 to
1017 1155 1134 1202 Cave,
1153 1155 1338 1193 Ratramn

158 1207 262 1245 lived
287 1206 327 1244 in
352 1207 418 1244 the
434 1219 524 1256 year
540 1207 628 1244 840.
684 1205 915 1244 Bellarminh
934 1220 1034 1256 says,
1053 1206 1137 1245 that
1155 1206 1257 1244 circa
1273 1210 1339 1243 an.¹

160 1258 249 1303 886,
261 1260 294 1291 .“
310 1257 351 1295 in
369 1257 671 1295 controuersiam
690 1270 828 1295 vocare
846 1257 975 1308 coepit,
995 1270 1044 1295 an
1069 1262 1169 1295 esset
1185 1257 1274 1295 vere
1298 1257 1340 1294 in

159 1308 402 1347 Eucharistia
426 1309 523 1346 illud
543 1309 670 1359 ipsum
688 1322 828 1359 corpus
856 1309 1029 1356 Domini,
1053 1309 1159 1359 quod
1184 1307 1232 1346 de
1249 1307 1339 1346 Vir-³

159 1361 247 1410 gine
274 1365 407 1397 natum
433 1359 551 1398 erat.'’
607 1360 682 1397 His
709 1359 814 1397 book
837 1360 908 1397 has
939 1359 1214 1410 consequently
1246 1359 1341 1397 been

160 1411 392 1462 prohibited,
412 1411 512 1448 from
524 1411 589 1448 the
602 1411 693 1448 time
708 1411 753 1448 of
765 1411 860 1448 Paul
879 1410 949 1448 IV.
991 1411 1180 1448 Gretser’s
1195 1410 1340 1448 maxim

160 1463 193 1500 is
217 1463 262 1499 of
274 1463 339 1499 the
363 1467 508 1500 utmost
530 1462 765 1511 importance
783 1476 792 1500 :
823 1462 928 1500 Dum
946 1461 1171 1512 prohibetur
1190 1461 1340 1500 Bertra-

159 1526 260 1560 muS,
286 1526 382 1562 nego
405 1513 601 1563 prohiberi
620 1513 771 1551 Patrem
787 1527 795 1550 :
827 1513 928 1550 Nam
948 1512 1133 1551 Ecclesiae
1150 1518 1257 1562 pater
1275 1512 1341 1550 ille

161 1564 316 1609 dicitur,
344 1564 412 1614 qui
437 1563 648 1601 Ecclesiam
675 1563 833 1602 salutari
857 1564 1032 1602 doctrina
1058 1563 1129 1601 alit
1151 1563 1184 1600 &
1206 1563 1341 1614 pascit,

163 1615 232 1666 qui
259 1628 372 1665 super
399 1615 585 1652 familiam
603 1615 761 1653 Domini
783 1615 1028 1661 constitutus,
1049 1614 1114 1652 dat
1131 1614 1167 1651 ei
1185 1613 1228 1651 in
1247 1620 1343 1652 tem·

154 1679 259 1717 pore
291 1666 417 1703 tritici
449 1678 694 1704 mensuram.
750 1665 832 1704 Iam
858 1678 948 1715 ergo
978 1666 1011 1703 si
1036 1678 1106 1716 pro
1133 1665 1344 1705 salutiferae

162 1718 349 1756 doctrinae
367 1716 523 1766 pabulo,
543 1717 574 1753 &
594 1730 664 1768 pro
682 1730 864 1754 mensura
877 1716 995 1755 tritici
1013 1717 1146 1756 offerat
1164 1718 1195 1754 δι
1214 1716 1343 1755 adme-

162 1770 280 1807 tiatur
296 1768 434 1805 lolium
451 1768 482 1804 &
503 1767 660 1814 zizania,
678 1770 709 1806 &
727 1781 995 1818 peruersorum
1014 1767 1196 1817 dogmati}
1211 1767 1344 1817 lappas

166 1821 198 1855 δι
227 1819 416 1864 tribulos;
452 1824 605 1856 eatenus
632 1832 712 1856 non
739 1824 847 1868 pater
864 1823 934 1864 est,
963 1818 1031 1856 sed
1052 1818 1237 1863 vitricus3
1266 1830 1345 1855 non

165 1872 313 1915 doctor,
340 1869 407 1906 sed
432 1870 635 1907 seductor:
669 1870 700 1905 δι
725 1870 832 1921 quod
853 1869 945 1908 hinc
977 1869 1168 1957 sequitur13
1185 1868 1346 1957 ἓιιειῐιᾶό

1071 1932 1140 1971 pro
1171 1919 1183 1957 i
1212 1925 1295 1958 etur

209 2047 223 2068 *¹
242 2050 287 2078 De
303 2049 370 2077 Sao.
387 2048 492 2081 Euch„
509 2047 561 2076 lib.
579 2048 603 2075 1.
619 2054 686 2085 cap.
707 2048 732 2076 1.
749 2049 804 2077 col.
822 2047 894 2076 450.
909 2047 996 2076 Conf.
1015 2045 1158 2087 Arcbiep.
1172 2046 1346 2087 Spalatens.

167 2094 214 2123 De
230 2091 340 2130 Repvb.
353 2090 468 2120 Eccles.
487 2090 523 2118 Ρ.
542 2089 583 2118 11.
601 2099 628 2127 p.
647 2090 718 2118 251.
743 2090 840 2119 Lond.
859 2089 1032 2119 MDcxxs
